@article{Motta2003,
    title = {{A contextual role-based access control authorization model for electronic patient record.}},
    year = {2003},
    journal = {IEEE transactions on information technology in biomedicine : a publication of the IEEE Engineering in Medicine and Biology Society},
    author = {Motta, Gustavo H M B and Furuie, Sergio S},
    number = {3},
    pages = {202--207},
    volume = {7},
    isbn = {1089-7771},
    doi = {10.1109/TITB.2003.816562},
    issn = {1089-7771},
    pmid = {14518734}
}

@article{JoseR.Diaz-PalaciosVictorJ.Romo-Aledo2013,
    title = {{Biometric Access Control for e-Health Records in Pre-hospital Care}},
    year = {2013},
    journal = {University Of Puerto Rico at Mayag{\"{u}}ez Department of Electrical and Computer Engineering Call Box 9000, Mayag{\"{u}}ez, PR 00681, USA},
    author = {Jos{\'{e}} R. D{\'{i}}az-Palacios, V{\'{i}}ctor J. Romo-Aledo, Amir H. Chinaei},
    pages = {169--173},
    isbn = {9781450315999},
    doi = {10.1145/2457317.2457345},
    keywords = {biometrics, emergency, health record}
}

@article{Wang2012,
    title = {{Privacy-preserving biometric system for secure fingerprint authentication}},
    year = {2012},
    journal = {Proceedings - 2012 IEEE 2nd Conference on Healthcare Informatics, Imaging and Systems Biology, HISB 2012},
    author = {Wang, Shuang and Jiang, Xiaoqian and Ohno-Machado, Lucila and Cui, Lijuan and Cheng, Samuel and Xiong, Hongkai},
    pages = {128},
    volume = {2010},
    isbn = {9780769549217},
    doi = {10.1109/HISB.2012.53}
}

@article{Hsu2012,
    title = {{Context-based electronic health record: Toward patient specific healthcare}},
    year = {2012},
    journal = {IEEE Transactions on Information Technology in Biomedicine},
    author = {Hsu, William and Taira, Ricky K. and El-Saden, Suzie and Kangarloo, Hooshang and Bui, Alex a T},
    number = {2},
    pages = {228--234},
    volume = {16},
    isbn = {1089-7771},
    doi = {10.1109/TITB.2012.2186149},
    issn = {10897771},
    pmid = {22395637},
    keywords = {Data visualization, health information management, knowledge representation, natural language processing (NLP)}
}

@article{Emmanouilidou2013,
    title = {{A thematic review and a policy-analysis agenda of Electronic Health Records in the Greek National Health System}},
    year = {2013},
    journal = {Health Policy},
    author = {Emmanouilidou, Maria and Burke, Maria},
    number = {1},
    pages = {31--37},
    volume = {109},
    isbn = {0168-8510; 1872-6054},
    doi = {10.1016/j.healthpol.2012.09.010},
    issn = {01688510},
    pmid = {23084654},
    keywords = {Conceptual framework, Electronic Health Records, European Union, Greece, National Health System, Policy analysis and planning}
}

@article{Atick2011,
    title = {{Biometric identity in healthcare}},
    year = {2011},
    author = {Atick, Joseph (Ibia)},
    pages = {1--2},
    keywords = {Biometrics, fraud, healthcare}
}

@article{History,
    title = {{Biometrics , Human Body , and Medicine :}},
    author = {History, a Controversial}
}

@article{Carayon2009,
    title = {{Implementation of an electronic health records system in a small clinic: the viewpoint of clinic staff}},
    year = {2009},
    journal = {Behaviour {\&} Information Technology},
    author = {Carayon, Pascale and Smith, Paul and Hundt, Ann Schoofs and Kuruchittham, Vipat and Li, Qian},
    number = {1},
    pages = {5--20},
    volume = {28},
    isbn = {0144-929X{\textbackslash}n1362-3001},
    doi = {10.1080/01449290701628178},
    issn = {0144-929X},
    keywords = {ehr, electronic health records system, healthcare, technology implementation}
}

@article{Porter2013,
    title = {{Adoption of Electronic Health Records in the United States}},
    year = {2013},
    author = {Porter, By Molly},
    number = {February},
    pages = {1--7}
}

@article{S2011,
    title = {{The challenges}},
    year = {2011},
    author = {S, Copyright Ceeram S a},
    pages = {26--34}
}

@article{Schering,
    title = {{EHR4CR: Electronic Health Records for Clinical Research}},
    author = {Schering, Bayer and Ag, Pharma and Lilly, Eli},
    url = {http://www.ehr4cr.eu/}
}

@article{Krawczyk2005,
    title = {{Securing Slectronic Medical Records using Biometric Authentication}},
    year = {2005},
    journal = {Audio- and Video-Based Biometric Person Authentication},
    author = {Krawczyk, Stephen and Jain, Ak},
    pages = {1110--1119},
    url = {http://link.springer.com/chapter/10.1007/11527923_115}
}

@article{Kaelber2008,
    title = {{A research agenda for personal health records (PHRs)}},
    year = {2008},
    journal = {Journal of the {\ldots}},
    author = {Kaelber, Dc and Jha, Ak and Johnston, D and Middleton, B and Bates, D},
    number = {6},
    pages = {729--736},
    volume = {15},
    url = {http://jamia.bmj.com/content/15/6/729.short},
    doi = {10.1197/jamia.M2547.Introduction}
}

@article{Friedman2006,
    title = {{Assessing the potential of national strategies for electronic health records for population health monitoring and research.}},
    year = {2006},
    journal = {Vital and health statistics. Series 2, Data evaluation and methods research},
    author = {Friedman, Daniel J},
    number = {143},
    pages = {1--83},
    isbn = {0083-2057},
    doi = {17552126},
    issn = {0083-2057},
    pmid = {17552126},
    keywords = {Electronic health records,population health,health}
}

@article{Stroetmann2012,
    title = {{United in Diversity: Legal Challenges on the Road Towards Interoperable eHealth Solutions in Europe}},
    year = {2012},
    journal = {European Journal for Biomedical Informatics},
    author = {Stroetmann, Karl and Artmann, Jörg and Dumortier, Jos and Verhenneman, Griet},
    number = {2},
    pages = {3--10},
    volume = {8},
    url = {citeulike-article-id:12283489},
    keywords = {ehealthreg, regulation}
}

@article{Noor2012,
    title = {{Reluctance of US Doctors in Adopting EHR Technology}},
    year = {2012},
    author = {Noor, Ms Sarooj and Mahmood, Saeed and Khan, Ms Khadijah},
    number = {23},
    volume = {12},
    keywords = {Doctors, Providers, Electronic Health Records (EHR, acknowledgements, doctors, ehrs, electronic health records, focus groups, government, meaningful use, paper would like to, providers, role of the, support, technology evaluation, thank mtbc for continuous, the authors of this, throughout this project, usa}
}

@article{Fenz2012,
    title = {{Recognition and privacy preservation of paper-based health records}},
    year = {2012},
    journal = {Studies in Health Technology and Informatics},
    author = {Fenz, Stefan and Heurix, Johannes and Neubauer, Thomas},
    number = {1},
    pages = {751--755},
    volume = {180},
    url = {https://www.sba-research.org/wp-content/uploads/publications/2012 - Fenz - Recognition and Privacy Preservation of Paper-based Health Records.pdf},
    isbn = {9781614991007},
    doi = {10.3233/978-1-61499-101-4-751},
    issn = {09269630},
    keywords = {EHR, HL7 CDA, OCR, Privacy, Security}
}

@article{Stroetmann2012a,
    title = {{United in Diversity: Legal Challenges on the Road Towards Interoperable eHealth Solutions in Europe}},
    year = {2012},
    journal = {European Journal for Biomedical Informatics},
    author = {Stroetmann, Karl and Artmann, Jörg and Dumortier, Jos and Verhenneman, Griet},
    number = {2},
    pages = {3--10},
    volume = {8},
    url = {citeulike-article-id:12283489},
    keywords = {ehealthreg, regulation}
}

@article{Nsa2012,
    title = {{Systems and network analysis center information assurance directorate bluetooth security}},
    year = {2012},
    author = {Nsa, NationalSecurityAgency},
    url = {https://www.nsa.gov/ia/_files/factsheets/i73-021r-2009.pdf}
}

@article{Quadri2010,
    title = {{Software Testing – Goals, Principles, and Limitations}},
    year = {2010},
    journal = {International Journal of Computer Applications},
    author = {Quadri, S.M.K and Farooq, Sheikh Umar},
    number = {9},
    pages = {7--10},
    volume = {6},
    doi = {10.5120/1343-1448},
    keywords = {software testing, testing, testing goals, testing principles}
}

@article{Bentley2005,
    title = {{Software testing fundamentals–concepts, roles, and terminology}},
    year = {2005},
    journal = {Proceedings of SAS Conference},
    author = {Bentley, J.E.},
    pages = {141--30},
    url = {http://www2.sas.com/proceedings/sugi30/141-30.pdf},
    keywords = {design, development}
}

@article{Mundell2010,
    title = {{Pros And Cons Of Outsourcing}},
    year = {2010},
    author = {Mundell, Monika},
    pages = {2--4},
    url = {http://www.howtospoter.com/money-making/internet-marketing/pros-and-cons-of-outsourcing}
}

@article{Rountree2014,
    title = {{The Basics of Cloud Computing}},
    year = {2014},
    journal = {The Basics of Cloud Computing},
    author = {Rountree, Derrick and Castrillo, Ileana},
    pages = {123--149},
    url = {http://www.sciencedirect.com/science/article/pii/B9780124059320000074},
    isbn = {9780124059320},
    doi = {10.1016/B978-0-12-405932-0.00007-4},
    keywords = {Cloud Computing, SaaS, PaaS, IaaS, Public Cloud, P}
}

@article{Nist2011,
    title = {{The NIST Definition of Cloud Computing Recommendations of the National Institute of Standards and Technology}},
    year = {2011},
    journal = {Nist Special Publication},
    author = {{Nist}},
    pages = {7},
    volume = {145},
    url = {http://www.mendeley.com/research/the-nist-definition-about-cloud-computing/},
    isbn = {1047-6210},
    doi = {10.1136/emj.2010.096966},
    issn = {00845612},
    pmid = {21450758}
}

@article{Odusote2013,
    title = {{Towards A Well-Secured Electronic Health Record in the Health Cloud.}},
    year = {2013},
    journal = {Journal of Computing},
    author = {Odusote, Bo and Ikhu-Omoregbe, Na},
    number = {1},
    pages = {18},
    volume = {5},
    url = {http://search.ebscohost.com/login.aspx?direct=true&profile=ehost&scope=site&authtype=crawler&jrnl=21519617&AN=87991904&h=CRy2lKafSJdh+decdF6wpFeGCo3J23lxaWQPKV9Nl4a8fPrcHngQXgUKy0VTIDcRlDhFKeI1//bamV7GFTQxIA==&crl=c}
}

@article{Blobel2004,
    title = {{Authorisation and access control for electronic health record systems}},
    year = {2004},
    journal = {International Journal of Medical Informatics},
    author = {Blobel, Bernd},
    number = {3},
    pages = {251--257},
    volume = {73},
    url = {http://linkinghub.elsevier.com/retrieve/pii/S1386505603001916},
    isbn = {4939167135},
    doi = {10.1016/j.ijmedinf.2003.11.018},
    issn = {13865056},
    keywords = {electronic healthcare}
}

@article{Judges2008,
    title = {{United States Court of Appeals}},
    year = {2008},
    author = {Judges, Circuit and Judge, Circuit},
    number = {2},
    pages = {1--11},
    volume = {1332},
    url = {http://media.ca8.uscourts.gov/opndir/02/07/012959P.pdf}
}

@article{Gardner2009,
    title = {{Securing Medical Records on Smart Phones}},
    year = {2009},
    journal = {Proceedings of the First {\{}ACM{\}} Workshop on Security and Privacy in Medical and Home-care Systems},
    author = {Gardner, Ryan W and Garera, Sujata and Pagano, Matthew W and Green, Matthew and Rubin, Aviel D},
    pages = {31--40},
    url = {http://doi.acm.org/10.1145/1655084.1655090},
    isbn = {978-1-60558-790-5},
    doi = {10.1145/1655084.1655090},
    keywords = {Authentication, Privacy, Security, medical information, portable health records}
}

@article{Armstrong2010,
    title = {{Canadian College of Medical Geneticists ( CCMG ) Position Statement on the Storage of Patient Genetic Information in Electronic Health Records}},
    year = {2010},
    author = {Armstrong, Linlea and Nelson, Tanya N and Bruyere, Hélène and Ethics, Ccmg and Policy, Public and Linlea, Committee and Evans, Jane and Lauzon, Julie and Mcgillivray, Barbara and Nelson, N and Richer, Julie and Dougan, Shelley},
    pages = {3--4},
    url = {http://www.ccmg-ccgm.org/documents/Policies_etc/Pos_Statements/PosStmt_EPP_EHR_Oct2010.pdf}
}

@article{Rothstein2015,
    title = {{Protecting Against the Greatest Potential Threat to Privacy}},
    year = {2015},
    author = {Rothstein, Mark a and Talbott, Meghan K},
    number = {24},
    pages = {2004--2007},
    volume = {295},
    url = {http://poseidon01.ssrn.com/delivery.php?ID=44510102111308912212606711612409106803708605201103808612407109012007900701006708207303512606012205401201911809010302612207702000007500801407406411601210107301708605202805308408108512111512410007700612511812609301}
}

@article{Trivedi2014,
    title = {{Biometric Template Feature Extraction and Matching Using ISEF Edge Detection and Contouring Based Algorithm}},
    year = {2014},
    author = {Trivedi, Deven and Thanki, Rohit and Kothari, Ashish},
    number = {4},
    pages = {182--189},
    volume = {2},
    url = {http://www.ijergs.org/files/documents/BIOMETRIC21.pdf},
    keywords = {biometric recognition, contouring, edge detection, feature extraction, iris pattern, isef, template matching}
}

@article{Geetha2013,
    title = {{Multimodal Biometric System : A Feature Level Fusion Approach}},
    year = {2013},
    author = {Geetha, K and Radhakrishnan, V},
    number = {4},
    volume = {71},
    url = {http://research.ijcaonline.org/volume71/number4/pxc3888635.pdf},
    keywords = {biometric, coiflet wavelets, feature level fusion, multimodal, support vector machine, svm, unimodal}
}

@article{S2012,
    title = {{Multimodal Image Fusion Biometric System}},
    year = {2012},
    author = {S, Ms Mary Praveena and Kavitha, Ms a K},
    number = {5},
    pages = {13--19},
    volume = {2}
}

@article{Sree2014,
    title = {{A Survey on Fusion Techniques for Multimodal Biometric Identification}},
    year = {2014},
    author = {Sree, S R Soruba and Radha, N},
    pages = {7493--7497},
    keywords = {accuracy, biometrics, fusion, multimodal, unimodal}
}

@article{Ross2003,
    title = {{Information fusion in biometrics}},
    year = {2003},
    journal = {Pattern Recognition Letters},
    author = {Ross, Arun and Jain, Anil},
    number = {13},
    pages = {2115--2125},
    volume = {24},
    url = {http://linkinghub.elsevier.com/retrieve/pii/S0167865503000795},
    isbn = {1517355931},
    doi = {10.1016/S0167-8655(03)00079-5},
    issn = {01678655},
    keywords = {biometrics, decision tree, face, fingerprints, hand geometry, linear discriminant analysis, multimodal, sum, verification}
}

@article{Benson2011,
    title = {{Adoption of Hospital Information Systems in Nigeria Adoption of Hospital Information Systems in Nigeria}},
    year = {2011},
    journal = {Journal of Global Health Care Systems},
    author = {Benson, Ayodele Cole and Bch, M B},
    number = {3},
    pages = {1--38},
    volume = {1},
    keywords = {global health, health information systems, hospital information systems, review of}
}

@article{Abubakar2015,
    title = {{Health Information Systems in a Developing Country ( Case Study of E-Health System in a Nigerian Hospital )}},
    year = {2015},
    author = {Abubakar, Umar Faruk},
    number = {February},
    pages = {173--183},
    volume = {3},
    keywords = {health system, nigeria}
}

@article{Marutha2012,
    title = {{Electronic records management in the public health sector of the Limpopo province in South Africa}},
    year = {2012},
    author = {Marutha, Ngoako S},
    pages = {39--67},
    volume = {45},
    keywords = {document and records management, electronic, electronic documents management, electronic records management, limpopo province, medical records, public health, sector, service delivery, south africa, system}
}

@article{Sood2008,
    title = {{Electronic medical records: A review comparing the challenges in developed and developing countries}},
    year = {2008},
    journal = {Proceedings of the Annual Hawaii International Conference on System Sciences},
    author = {Sood, Sanjay P. and Nwabueze, Stacie N. and Mbarika, Victor W A and Prakash, Nupur and Chatterjee, Samir and Ray, Pradeep and Mishra, Saroj},
    pages = {1--10},
    isbn = {0769530753},
    doi = {10.1109/HICSS.2008.141},
    issn = {15301605},
    keywords = {Electronic Medical Records: A Review Comparing the}
}

@article{Bra.J.Monteriro2014,
    title = {{Networks of Action: Hea;th Information System Across Developing Countries.}},
    year = {2014},
    journal = {MIS Quarterly},
    author = {Bra. J. Monteriro, E. Sahay.},
    pages = {337--362},
    volume = {28(3)},
    isbn = {9788578110796},
    doi = {10.1017/CBO9781107415324.004},
    issn = {1098-6596},
    pmid = {25246403},
    arxivId = {arXiv:1011.1669v3},
    keywords = {icle}
}

@article{Okpala2013,
    title = {{The Electronic Medical Record (EMR)}},
    year = {2013},
    journal = {Journal of Applied Medical Sciences},
    author = {Okpala, Peter Chris},
    number = {2},
    pages = {79--85},
    volume = {2},
    isbn = {0003-9926},
    doi = {10.1001/archinte.161.2.189},
    issn = {0003-9926},
    pmid = {2001040183}
}

@article{Id2005,
    title = {{r S Fo os ym Re vi ew r S Fo os ym Re w}},
    year = {2005},
    journal = {Software and Systems Modeling},
    author = {Id, Manuscript and Type, Manuscript and Submitted, Date},
    isbn = {9132222823},
    keywords = {co80523, colorado state university, computer science depart, editorial office, fort collins, software and systems modelings, usa}
}

@article{Melange,
    title = {{Melange: A Meta-language for Modular and Reusable Development of DSLs}},
    author = {Degueule, Thomas and Combemale, Benoit and Blouin, Arnaud and Barais, Olivier and J{\'{e}}z{\'{e}}quel, Jean-Marc},
    url = {http://delivery.acm.org/10.1145/2820000/2814252/p25-degueule.pdf?ip=142.157.190.151&id=2814252&acc=ACTIVE SERVICE&key=FD0067F557510FFB.03D32F869B60D852.4D4702B0C3E38B35.4D4702B0C3E38B35&__acm__=1527093299_1d492513c8cd907c9adfe16a0aed9471},
    doi = {10.1145/2814251.2814252},
    keywords = {lan-guage composition, language reuse, melange, model typing}
}

@incollection{Zschaler2010a,
    title = {{Domain-specific metamodelling languages for software language engineering}},
    year = {2010},
    booktitle = {Lecture Notes in Computer Science (including subseries Lecture Notes in Artificial Intelligence and Lecture Notes in Bioinformatics)},
    author = {Zschaler, Steffen and Kolovos, Dimitrios S. and Drivalos, Nikolaos and Paige, Richard F. and Rashid, Awais},
    pages = {334--353},
    volume = {5969 LNCS},
    publisher = {Springer, Berlin, Heidelberg},
    url = {http://link.springer.com/10.1007/978-3-642-12107-4_23},
    isbn = {3642121063},
    doi = {10.1007/978-3-642-12107-4{\_}23},
    issn = {03029743}
}

@article{Combemale,
    title = {{Concern-Oriented Language Development ( COLD ): Fostering Reuse in Language Engineering}},
    author = {Combemale, Benoit and Kienzle, Jörg and Mussbacher, Gunter and Barais, Olivier}
}

@article{Mbabo2005,
    title = {{by Erratum to the article A new frog species of the genus Cardioglossa from the Tchabal Mbabo Mtns , Cameroon}},
    year = {2005},
    journal = {Museum},
    author = {Mbabo, Tchabal},
    pages = {119 - 125},
    volume = {17},
    isbn = {0-7695-2879-1},
    doi = {10.1109/WETICE.2007.4407148},
    keywords = {amphibia, anura, arthroleptidae, cameroon, cardioglossa alsco sp, n, new species, tchabal mbabo mtns}
}

@article{Balitska2011,
    title = {{A unified configuration-coordinate model of structural metastability in amorphous chalcogenide glasses}},
    year = {2011},
    journal = {Physica Status Solidi (C) Current Topics in Solid State Physics},
    author = {Balitska, Valentina and Shpotyuk, Oleh},
    number = {11-12},
    pages = {3151--3154},
    volume = {8},
    doi = {10.1002/pssc.201000748},
    issn = {18626351},
    keywords = {Amorphous chalcogenide semiconductors, Configuration-coordinate model, Metastability, Structural transformation}
}

@article{Schwagerl2015,
    title = {{Realizing a conceptual framework to integrate model-driven engineering, software product line engineering, and software configuration management}},
    year = {2015},
    journal = {Communications in Computer and Information Science},
    author = {Schw{\"{a}}gerl, Felix and Buchmann, Thomas and Uhrig, Sabrina and Westfechtel, Bernhard},
    pages = {21--44},
    volume = {580},
    isbn = {9783319278681},
    doi = {10.1007/978-3-319-27869-8{\_}2},
    issn = {18650929},
    keywords = {Model-driven software engineering, Software configuration management, Software product line engineering}
}

@article{DiRuscio2012,
    title = {{Coupled evolution in model-driven engineering}},
    year = {2012},
    journal = {IEEE Software},
    author = {Di Ruscio, Davide and Iovino, Ludovico and Pierantonio, Alfonso},
    number = {6},
    pages = {78--84},
    volume = {29},
    doi = {10.1109/MS.2012.153},
    issn = {07407459},
    keywords = {Unified Modeling Language, coupled evolution, model-driven engineering, software technology}
}

@article{Kolovos2008,
    title = {{Detecting and repairing inconsistencies across heterogeneous models}},
    year = {2008},
    journal = {Proceedings of the 1st International Conference on Software Testing, Verification and Validation, ICST 2008},
    author = {Kolovos, Dimitrios S. and Paige, Richard F. and Polack, Fiona A.C.},
    pages = {356--364},
    isbn = {076953127X},
    doi = {10.1109/ICST.2008.23},
    issn = {2159-4848}
}

@article{Butting2018,
    title = {{Controlled and Extensible Variability of Concrete and Abstract Syntax with Independent Language Features}},
    year = {2018},
    journal = {Proceedings of the 12th International Workshop on Variability Modelling of Software-Intensive Systems  - VAMOS 2018},
    author = {Butting, Arvid and Eikermann, Robert and Kautz, Oliver and Rumpe, Bernhard and Wortmann, Andreas},
    pages = {75--82},
    url = {http://dl.acm.org/citation.cfm?doid=3168365.3168368},
    isbn = {9781450353984},
    doi = {10.1145/3168365.3168368},
    keywords = {language product lines, language variability, software language}
}

@article{Lammel2016,
    title = {{Coupled software transformations revisited}},
    year = {2016},
    journal = {Proceedings of the 2016 ACM SIGPLAN International Conference on Software Language Engineering - SLE 2016},
    author = {L{\"{a}}mmel, Ralf},
    pages = {239--252},
    url = {http://dl.acm.org/citation.cfm?doid=2997364.2997366},
    isbn = {9781450344470},
    doi = {10.1145/2997364.2997366},
    keywords = {bidirec-, bx, consistency as invariant, coupled software transformation, cx, linguistic archi-, logic programming, megamodeling, predicate logic, tecture, testing, tional transformation}
}

@article{Bousse2016,
    title = {{Execution framework of the GEMOC studio (tool demo)}},
    year = {2016},
    journal = {Proceedings of the 2016 ACM SIGPLAN International Conference on Software Language Engineering - SLE 2016},
    author = {Bousse, Erwan and Degueule, Thomas and Vojtisek, Didier and Mayerhofer, Tanja and Deantoni, Julien and Combemale, Benoit},
    pages = {84--89},
    url = {http://dl.acm.org/citation.cfm?doid=2997364.2997384},
    isbn = {9781450344470},
    doi = {10.1145/2997364.2997384},
    keywords = {all or part of, and modeling workbenches, classroom use is granted, copies are not made, debugging, domain-specific modeling language, language, model execution, or, or distributed, or hard copies of, permission to make digital, this work for personal, without fee provided that}
}

@article{Demuth2016,
    title = {{Efficient detection of inconsistencies in a multi-developer engineering environment}},
    year = {2016},
    journal = {31st IEEE/ACM International Conference on Automated Software Engineering, ASE 2016},
    author = {Demuth, A and Riedl-Ehrenleitner, M and Egyed, A},
    pages = {590--601},
    url = {https://www.scopus.com/inward/record.uri?eid=2-s2.0-84989196090&doi=10.1145%2F2970276.2970304&partnerID=40&md5=f32dab0eebdbd1c2e55b1e5e99aec51e},
    isbn = {978-1-4503-3845-5},
    doi = {10.1145/2970276.2970304},
    keywords = {Consistency checking, Efficient detection, Embedded systems, Empirical validation, Engineering environment, Incremental Consistency Checking, Industrial systems, Model-Driven Engineering, Model-driven Engineering, Multi-Developer Engineering, Prototype implementations, Software developer, Software engineering}
}

@article{Arkin2007,
    title = {{Domain Specific Language for Deployment of Parallel Applications on Parallel Computing Platforms}},
    year = {2007},
    journal = {Proceedings of the 2014 European Conference on Software Architecture Workshops - ECSAW '14},
    author = {Arkin, Ethem and Tekinerdogan, Bedir},
    pages = {1--8},
    url = {http://dl.acm.org/citation.cfm?doid=2642803.2642819},
    isbn = {9781450327787},
    doi = {10.1145/2642803.2642819},
    keywords = {architecture viewpoint, deployment, domain specific, language, parallel computing, software language engineering}
}

@article{Eramo2014,
    title = {{Representing uncertainty in bidirectional transformations}},
    year = {2014},
    journal = {CEUR Workshop Proceedings},
    author = {Eramo, Romina and Pierantonio, Alfonso and Rosa, Gianni},
    pages = {112--121},
    volume = {1354},
    isbn = {9781450336864},
    doi = {10.1145/2814251.2814259},
    issn = {16130073},
    keywords = {bidirectional model, bidirectional transformations, model-driven engineering, most interesting examples of, since, tive consistency relation between, transformations, two metamodels, uncertainty}
}

@article{Zschaler2010,
    title = {{VML* - A family of languages for variability management in software product lines}},
    year = {2010},
    journal = {Lecture Notes in Computer Science (including subseries Lecture Notes in Artificial Intelligence and Lecture Notes in Bioinformatics)},
    author = {Zschaler, Steffen and S{\'{a}}nchez, Pablo and Santos, João and Alf{\'{e}}rez, Mauricio and Rashid, Awais and Fuentes, Lidia and Moreira, Ana and Ara{\'{u}}jo, João and Kulesza, Uirá},
    pages = {82--102},
    volume = {5969 LNCS},
    isbn = {3642121063},
    doi = {10.1007/978-3-642-12107-4{\_}7},
    issn = {03029743},
    keywords = {Domain-specific languages, Family of languages, Software product lines, Variability management}
}

@article{Kehrer2013,
    title = {{Consistency-preserving edit scripts in model versioning}},
    year = {2013},
    journal = {2013 28th IEEE/ACM International Conference on Automated Software Engineering, ASE 2013 - Proceedings},
    author = {Kehrer, Timo and Kelter, Udo and Taentzer, Gabriele},
    pages = {191--201},
    isbn = {9781479902156},
    doi = {10.1109/ASE.2013.6693079}
}

@article{Lichtman1986,
    title = {{Generation and Consistency Checking of Design and Program Structures}},
    year = {1986},
    journal = {IEEE Transactions on Software Engineering},
    author = {Lichtman, Zavdi L.},
    number = {1},
    pages = {172--181},
    volume = {SE-12},
    doi = {10.1109/TSE.1986.6312930},
    issn = {00985589},
    keywords = {Consistency checking, Program Design Language (PDL), program structure, software development, software quality assurance, software tools}
}

@article{Chang2008,
    title = {{Improving software integration from requirement process with a model-based object-oriented approach}},
    year = {2008},
    journal = {Proceedings - The 2nd IEEE International Conference on Secure System Integration and Reliability Improvement, SSIRI 2008},
    author = {Chang, Chih Hung and Lu, Chih Wei and Chu, William C.},
    pages = {175--176},
    isbn = {9780769532660},
    doi = {10.1109/SSIRI.2008.39},
    keywords = {Object-oriented, Software maintenance, Software models, Software requirement, UML}
}

@article{Drivalos2009,
    title = {{Engineering a DSL for software traceability}},
    year = {2009},
    journal = {Lecture Notes in Computer Science (including subseries Lecture Notes in Artificial Intelligence and Lecture Notes in Bioinformatics)},
    author = {Drivalos, Nikolaos and Kolovos, Dimitrios S. and Paige, Richard F. and Fernandes, Kiran J.},
    pages = {151--167},
    volume = {5452},
    isbn = {9783642004339},
    doi = {10.1007/978-3-642-00434-6{\_}10},
    issn = {03029743}
}

@article{Alferez2010,
    title = {{Multi-view composition language for software product line requirements}},
    year = {2010},
    journal = {Lecture Notes in Computer Science (including subseries Lecture Notes in Artificial Intelligence and Lecture Notes in Bioinformatics)},
    author = {Alf{\'{e}}rez, Mauricio and Santos, João and Moreira, Ana and Garcia, Alessandro and Kulesza, Uirá and Ara{\'{u}}jo, João and Amaral, Vasco},
    pages = {103--122},
    volume = {5969 LNCS},
    isbn = {3642121063},
    doi = {10.1007/978-3-642-12107-4{\_}8},
    issn = {03029743},
    keywords = {Composition languages, Requirements engineering, Requirements reuse, Software product lines, Variability management}
}

@article{DBBWDokumentations-undBeratungsstelledesBundeszumThemaWolf2017,
    title = {{Wolfsvorkommen in Deutschland}},
    year = {2017},
    author = {{DBBW (Dokumentations- und Beratungsstelle des Bundes zum Thema Wolf)}},
    pages = {68--71},
    url = {https://dbb-wolf.de/Wolfsvorkommen}
}

@article{Cicchetti2011,
    title = {{JTL: A bidirectional and change propagating transformation language}},
    year = {2011},
    journal = {Lecture Notes in Computer Science (including subseries Lecture Notes in Artificial Intelligence and Lecture Notes in Bioinformatics)},
    author = {Cicchetti, Antonio and Di Ruscio, Davide and Eramo, Romina and Pierantonio, Alfonso},
    pages = {183--202},
    volume = {6563 LNCS},
    isbn = {9783642194399},
    doi = {10.1007/978-3-642-19440-5{\_}11},
    issn = {03029743}
}

@article{Torre2016,
    title = {{Verifying the Consistency of UML Models}},
    year = {2016},
    journal = {Proceedings - 2016 IEEE 27th International Symposium on Software Reliability Engineering Workshops, ISSREW 2016},
    author = {Torre, Damiano},
    pages = {53--54},
    isbn = {9781509036011},
    doi = {10.1109/ISSREW.2016.32},
    keywords = {Model Checking, Model Consistency Verification, UML, Unified Modeling Language Consistency rules}
}

@article{Marinho2010,
    title = {{A proposal for consistency checking in dynamic software product line models using OCL}},
    year = {2010},
    journal = {Proceedings of the 32nd ACM/IEEE International Conference on Software Engineering - ICSE '10},
    author = {Marinho, Fabiana G.},
    pages = {333},
    volume = {2},
    url = {http://portal.acm.org/citation.cfm?doid=1810295.1810379},
    isbn = {9781605587196},
    doi = {10.1145/1810295.1810379},
    issn = {0270-5257},
    keywords = {[Electronic Manuscript], consistency checking, dynamic software product line, models}
}

@article{Zhu2016,
    title = {{Parsing and reflective printing, bidirectionally}},
    year = {2016},
    journal = {Proceedings of the 2016 ACM SIGPLAN International Conference on Software Language Engineering - SLE 2016},
    author = {Zhu, Zirun and Zhang, Yongzhe and Ko, Hsiang-Shang and Martins, Pedro and Saraiva, João and Hu, Zhenjiang},
    pages = {2--14},
    url = {http://dl.acm.org/citation.cfm?doid=2997364.2997369},
    isbn = {9781450344470},
    doi = {10.1145/2997364.2997369},
    keywords = {bidirectional trans-, domain-specific languages, formations, parsing, reflective printing}
}

@article{Seybold2016,
    title = {{Experiences of models@run-time with EMF and CDO}},
    year = {2016},
    journal = {Proceedings of the 2016 ACM SIGPLAN International Conference on Software Language Engineering - SLE 2016},
    author = {Seybold, Daniel and Domaschka, Jörg and Rossini, Alessandro and Hauser, Christopher B. and Griesinger, Frank and Tsitsipas, Athanasios},
    pages = {46--56},
    url = {http://dl.acm.org/citation.cfm?doid=2997364.2997380},
    isbn = {9781450344470},
    doi = {10.1145/2997364.2997380},
    keywords = {connected, eclipse modeling framework, model repository, model-driven engineering, models, run-time}
}

@article{Voelter2016,
    title = {{Lessons learned about language engineering from the development of mbeddr (keynote)}},
    year = {2016},
    journal = {Proceedings of the 1st Industry Track on Software Language Engineering - ITSLE 2016},
    author = {Voelter, Markus},
    pages = {1--1},
    url = {http://dl.acm.org/citation.cfm?doid=2998407.2998408},
    isbn = {9781450346467},
    doi = {10.1145/2998407.2998408}
}

@article{Pepels2016,
    title = {{Model driven software engineering in the large: experiences at the Dutch tax and customs service (industry talk)}},
    year = {2016},
    journal = {Proceedings of the 1st Industry Track on Software Language Engineering  - ITSLE 2016},
    author = {Pepels, Betsy and Zanten, Gert Veldhuijzen van},
    pages = {2--2},
    url = {http://dl.acm.org/citation.cfm?doid=2998407.3001933},
    isbn = {9781450346467},
    doi = {10.1145/2998407.3001933},
    keywords = {industrial experience, model-driven software engineering, neering, software language engi-}
}

@article{Rumpe2015,
    title = {{Compositional Software Language Engineering}},
    year = {2015},
    journal = {Proceedings of the 8th India Software Engineering Conference on XXX - ISEC '15},
    author = {Rumpe, Bernhard},
    pages = {7--7},
    url = {http://dl.acm.org/citation.cfm?doid=2723742.2723766},
    isbn = {9781450334327},
    doi = {10.1145/2723742.2723766}
}

@article{Steimann2017,
    title = {{Robust projectional editing}},
    year = {2017},
    journal = {Proceedings of the 10th ACM SIGPLAN International Conference on Software Language Engineering  - SLE 2017},
    author = {Steimann, Friedrich and Frenkel, Marcus and Voelter, Markus},
    pages = {79--90},
    url = {http://dl.acm.org/citation.cfm?doid=3136014.3136034},
    isbn = {9781450355254},
    doi = {10.1145/3136014.3136034},
    keywords = {2017, acm reference format, and markus v{\"{o}}lter, constraint propagation, ed-, friedrich steimann, itors, marcus frenkel, projectional editing, ro-, static semantics, well-formedness}
}

@article{M.M.2015,
    title = {{Comparing four patient preparation methods for transesophageal echocardiography}},
    year = {2015},
    journal = {American Journal of Cardiology},
    author = {M.M., Farahani and N., Raeisi},
    pages = {S52},
    volume = {115},
    url = {http://www.sciencedirect.com/science/article/pii/S0002914915003641/pdfft?md5=cf53cc1a8f17625240e1f09267b714ae&pid=1-s2.0-S0002914915003641-main.pdf%5Cnhttp://ovidsp.ovid.com/ovidweb.cgi?T=JS&PAGE=reference&D=emed13&NEWS=N&AN=71825327},
    isbn = {0002-9149},
    doi = {10.1007/978-3-319-02654-1{\_}11},
    pmid = {71825327},
    keywords = {*cardiology, *cardiovascular surgery, *human, *patient, *transesophageal echocardiography, Iran, aerosol, heart, hydrocortisone, injury, lidocaine, midazolam, procedures, risk, sedation, somnolence, university hospital}
}

@article{Barisic2011,
    title = {{Quality in use of domain-specific languages: a case study}},
    year = {2011},
    journal = {3rd ACM SIGPLAN Workshop on Evaluation and usability of programming languages and tools},
    author = {Bari{\v{s}}i{\'{c}}, Ankica and Amaral, Vasco and Goul{\~{a}}o, Miguel and Barroca, Bruno and Goulao, M},
    pages = {65--72},
    url = {http://dl.acm.org/citation.cfm?id=2089170%5Cnhttps://ecs.victoria.ac.nz/twiki/pub/Events/PLATEAU/Program/plateau2011-barisic.pdf%5Cnhttp://dl.acm.org/citation.cfm?doid=2089155.2089170%5Cnhttp://dl.acm.org/citation.cfm?id=2089170},
    isbn = {9781450310246},
    doi = {10.1145/2089155.2089170},
    issn = {9781450310246},
    keywords = {domain specific, domain-specific, experimental software engineering, language evaluation, languages, software language, usability}
}

@article{BanadosSchwerter2016,
    title = {{Side effects take the blame}},
    year = {2016},
    journal = {Proceedings of the 2016 ACM SIGPLAN International Conference on Software Language Engineering - SLE 2016},
    author = {Ba{\~{n}}ados Schwerter, Felipe},
    pages = {195--206},
    url = {http://dl.acm.org/citation.cfm?doid=2997364.2997381},
    isbn = {9781450344470},
    doi = {10.1145/2997364.2997381},
    keywords = {blame, gradual typing, type-and-effect sys-}
}

@article{Olaechea2012,
    title = {{Modelling and multi-objective optimization of quality attributes in variability-rich software}},
    year = {2012},
    journal = {Proceedings of the Fourth International Workshop on Nonfunctional System Properties in Domain Specific Modeling Languages - NFPinDSML '12},
    author = {Olaechea, Rafael and Stewart, Steven and Czarnecki, Krzysztof and Rayside, Derek},
    pages = {1--6},
    url = {http://dl.acm.org/citation.cfm?doid=2420942.2420944},
    isbn = {9781450318075},
    doi = {10.1145/2420942.2420944}
}

@article{Kleppe2009,
    title = {{The Field of Software Language Engineering Keynote to the First International Conference on Software Language}},
    year = {2009},
    journal = {Interpretation A Journal Of Bible And Theology},
    author = {Kleppe, Anneke},
    pages = {1--7},
    isbn = {978-3-642-00433-9},
    keywords = {abstract syntax, ance, concrete syntax, keynote, language engineering, linguistic utter-, mogram, semantics, software language}
}

@article{David2016,
    title = {{Software Reuse: Bridging with Social-Awareness}},
    year = {2016},
    author = {David, M},
    pages = {368--383},
    volume = {9679},
    url = {http://link.springer.com/10.1007/978-3-319-35122-3},
    isbn = {978-3-319-35121-6},
    doi = {10.1007/978-3-319-35122-3}
}

@article{Heidenreich2010,
    title = {{Closing the gap between modelling and Java}},
    year = {2010},
    journal = {Lecture Notes in Computer Science (including subseries Lecture Notes in Artificial Intelligence and Lecture Notes in Bioinformatics)},
    author = {Heidenreich, Florian and Johannes, Jendrik and Seifert, Mirko and Wende, Christian},
    pages = {374--383},
    volume = {5969 LNCS},
    isbn = {3642121063},
    doi = {10.1007/978-3-642-12107-4{\_}25},
    issn = {03029743},
    arxivId = {10.1007/978-3-642-12107-4{\_}25}
}

@article{Wende2010,
    title = {{A role-based approach towards modular language engineering}},
    year = {2010},
    journal = {Lecture Notes in Computer Science (including subseries Lecture Notes in Artificial Intelligence and Lecture Notes in Bioinformatics)},
    author = {Wende, Christian and Thieme, Nils and Zschaler, Steffen},
    pages = {254--273},
    volume = {5969 LNCS},
    isbn = {3642121063},
    doi = {10.1007/978-3-642-12107-4{\_}19},
    issn = {03029743},
    pmid = {24723469}
}

@article{Hill1998c,
    title = {{A C ++ Data Model Supporting Reachability Analysis and Dead Code Detection}},
    year = {1998},
    author = {Hill, Murray and Chen, Yih-farn},
    number = {9},
    pages = {682--694},
    volume = {24}
}

@article{Herrmannsdoerfer2009,
    title = {{Language {\{}Evolution{\}} in {\{}Practice{\}}: {\{}The{\}} {\{}History{\}} of {\{}GMF{\}}}},
    year = {2009},
    journal = {Software {\{}Language{\}} {\{}Engineering{\}}},
    author = {Herrmannsdoerfer, Markus and Ratiu, Daniel and Wachsmuth, Guido},
    pages = {3--22},
    url = {https://link.springer.com/chapter/10.1007/978-3-642-12107-4_3},
    isbn = {978-3-642-12106-7 978-3-642-12107-4},
    doi = {10.1007/978-3-642-12107-4{\_}3}
}

@article{Shankar2007a,
    title = {{Adongoingn Bytleragg Onsratgity}},
    year = {2007},
    author = {Shankar, Ravi and Mangs, Jan},
    pages = {1--4},
    isbn = {5612973470},
    keywords = {deploying new technologies, model-driven engineering, software, software process}
}

@article{Odersky,
    title = {{Leftover Curry and reheated Pizza: How functional programming nourishes software reuse}},
    author = {Odersky, M. and Wadler, P.},
    pages = {2--11},
    isbn = {0-8186-8377-5},
    doi = {10.1109/ICSR.1998.685724}
}

@article{Lee1997,
    title = {{An empirical study of software reuse with special attention to ada}},
    year = {1997},
    journal = {IEEE Transactions on Software Engineering},
    author = {Lee, Nam Yong and Litecky, Charles R.},
    number = {9},
    pages = {537--549},
    volume = {23},
    doi = {10.1109/32.629492},
    issn = {00985589},
    pmid = {304061275},
    keywords = {Ada, Factor analysis, Multiple regression analysis, Object-oriented technology, Repository, Software engineering, Software metrics, Software reuse}
}

@article{Fleck2016,
    title = {{Experience Report on Building ASTM Based Tools for Multi-language Reverse Engineering}},
    year = {2016},
    journal = {2016 IEEE 23rd International Conference on Software Analysis, Evolution, and Reengineering (SANER)},
    author = {Fleck, Gunter and Kirchmayr, Wilhelm and Moser, Michael and Nocke, Ludwig and Pichler, Josef and Tober, Rudolf and Witlatschil, Michael},
    pages = {683--687},
    url = {http://ieeexplore.ieee.org/document/7476698/},
    isbn = {978-1-5090-1855-0},
    doi = {10.1109/SANER.2016.33},
    keywords = {-reverse engineering tools, abstract syntax tree, astm standard, static code analysis}
}

@article{Baxter2000,
    title = {{Design reuse and scale: Keys to practical code generation and large scale software maintenance}},
    year = {2000},
    journal = {Proceedings - 3rd IEEE Symposium on Application-Specific Systems and Software Engineering Technology},
    author = {Baxter, I. D.},
    pages = {119--120},
    isbn = {0769505597},
    doi = {10.1109/ASSET.2000.888063},
    keywords = {Buildings, Design engineering, Knowledge engineering, Large-scale systems, Productivity, Reverse engineering, Software design, Software engineering, Software maintenance, Software tools}
}

@article{Tuunanen2006,
    title = {{ASLA: Reverse engineering approach for software license information retrieval}},
    year = {2006},
    journal = {Proceedings of the European Conference on Software Maintenance and Reengineering, CSMR},
    author = {Tuunanen, Timo and Koskinen, Jussi and K{\"{a}}rkk{\"{a}}inen, Tommi},
    pages = {291--294},
    isbn = {0769525369},
    doi = {10.1109/CSMR.2006.10},
    issn = {15345351},
    keywords = {Component-based software reuse, Open source software, Reverse engineering, Software licenses}
}

@article{Adigun1989,
    title = {{A framework for teaching programming with reuse}},
    year = {1989},
    journal = {Software Engineering Journal},
    author = {Adigun, M.O.},
    pages = {159},
    volume = {4},
    isbn = {0268-6961},
    doi = {10.1049/sej.1989.0019},
    issn = {02686961}
}

@article{Llorens1996,
    title = {{Software Thesaurus: a tool for reusing software objects}},
    year = {1996},
    journal = {Proceedings of the Fourth International Symposium on Assessment of Software Tools},
    author = {Llorens, J and Amescua, A and Velasco, M},
    pages = {99--103},
    isbn = {0-8186-7389-3},
    doi = {10.1109/AST.1996.506486}
}

@article{Agusa2004,
    title = {{Software engineering evolution}},
    year = {2004},
    journal = {International Workshop on Principles of Software Evolution (IWPSE)},
    author = {Agusa, K},
    pages = {3--8},
    url = {http://www.scopus.com/inward/record.url?eid=2-s2.0-11244270243&partnerID=40&md5=fdc375990d81a2eca773b51d61de7307},
    doi = {10.1103/PhysRevLett.87.202501}
}

@article{Havrylchyk2007,
    title = {{[ No Title ]}},
    year = {2007},
    journal = {The World Economy},
    author = {Havrylchyk, Olena and Poncet, Sandra},
    number = {11},
    pages = {1662--1681},
    volume = {30},
    isbn = {9780521853330},
    doi = {10.1161/01.STR.32.1.139},
    issn = {0039-2499},
    pmid = {246},
    arxivId = {arXiv:1011.1669v3},
    keywords = {it is important for, iv, moreover, software reuse, specific intended purpose, system of systems, system reference model, the independent validation and, v, verification}
}

@article{Karaila2005,
    title = {{Maintenance and analysis of visual programs - An industrial case}},
    year = {2005},
    journal = {Proceedings of the European Conference on Software Maintenance and Reengineering, CSMR},
    author = {Karaila, Mika and Syst{\"{a}}, Tarja},
    pages = {158--167},
    isbn = {0769523048},
    doi = {10.1109/CSMR.2005.36},
    issn = {15345351},
    keywords = {Domain Specific Languages, Maintenance, Reverse Engineering, Visual Programming}
}

@article{McGuire1995,
    title = {{Handbook of Compound Semiconductors Growth, Processing, Characterization, and Devices}},
    year = {1995},
    author = {McGuire, Paul H. Holloway and Gary E.},
    pages = {84--169},
    url = {http://books.google.com/books?hl=en&lr=&id=X11MhcaAR9sC&oi=fnd&pg=PA84&dq=molecular+beam+epitaxy+Kambiz+Alavi&ots=zWYMDc7CKu&sig=08pGjL59JS2BYGRarVrUJrZdQrk},
    isbn = {0-8186-6632-3},
    doi = {10.1109/ICSR.1994.365817}
}

@article{Wang2000a,
    title = {{Session T2C TEACHING SOFTWARE REUSE WITH JavaBeans Session T2C}},
    year = {2000},
    author = {Wang, Juan and Wan, You-an},
    pages = {7--8},
    isbn = {0780364244},
    issn = {01905848}
}

@article{Salvaneschi2013,
    title = {{An Analysis of Language-Level Support for Self-Adaptive Software}},
    year = {2013},
    journal = {ACM Transactions on Autonomous and Adaptive Systems},
    author = {Salvaneschi, Guido and Ghezzi, Carlo and Pradella, Matteo},
    number = {2},
    pages = {1--29},
    volume = {8},
    url = {http://dl.acm.org/citation.cfm?doid=2491465.2491466},
    isbn = {1556-4665},
    doi = {10.1145/2491465.2491466},
    issn = {15564665}
}

@article{Klint2012,
    title = {{Towards a one-stop-shop for analysis, transformation and visualization of software}},
    year = {2012},
    journal = {Lecture Notes in Computer Science (including subseries Lecture Notes in Artificial Intelligence and Lecture Notes in Bioinformatics)},
    author = {Klint, Paul and Lisser, Bert and Van Der Ploeg, Atze},
    pages = {1--18},
    volume = {6940 LNCS},
    isbn = {9783642288296},
    doi = {10.1007/978-3-642-28830-2{\_}1},
    issn = {03029743}
}

@article{Krikava2014,
    title = {{Actress}},
    year = {2014},
    journal = {Proceedings of the 29th Annual ACM Symposium on Applied Computing - SAC '14},
    author = {K{\v{r}}ikava, Filip and Collet, Philippe and France, Robert B.},
    pages = {391--398},
    url = {http://dl.acm.org/citation.cfm?doid=2554850.2555020},
    isbn = {9781450324694},
    doi = {10.1145/2554850.2555020},
    keywords = {domain-, domain-specific languages, model-driven engineering, self-adaptive software systems, specific modeling}
}

@article{Kieburtz1996,
    title = {{A Software Engineering Experiment in Software Component Generation}},
    year = {1996},
    journal = {International Conference on Software Engineering (ICSE'1996)},
    author = {Kieburtz, Richard B and McKinney, Laura and Bell, Jeffrey M and Hook, James and Kotov, Alex and Lewis, Jeffrey and Oliva, Dino P and Sheard, Tim and Smith, Ira and Walton, Lisa},
    pages = {542--552},
    isbn = {0-8186-7247-1},
    doi = {10.1109/ICSE.1996.493448},
    issn = {0270-5257},
    keywords = {flexibility, ity, productivity, reliabil-, software component generation, usability, using a software generator, with their performance in}
}

@article{Gammaitoni2015,
    title = {{Designing languages using lightning}},
    year = {2015},
    journal = {Proceedings of the 2015 ACM SIGPLAN International Conference on Software Language Engineering},
    author = {Gammaitoni, Loïc and Kelsen, Pierre and Glodt, Christian},
    pages = {77--82},
    isbn = {9781450336864},
    doi = {10.1145/2814251.2814268},
    keywords = {Agile Design, Alloy, Language Design, Language Workbench, Lightning, Lightweight Formal Method}
}

@article{Machado2005,
    title = {{SPLConfig : Product Configuration in Software Product Line}},
    year = {2005},
    author = {Machado, Lucas and Pereira, Juliana Alves and Garcia, Lucas and Figueiredo, Eduardo},
    pages = {1--8}
}

@article{Zhang2017,
    title = {{Type-Safe Modular Parsing}},
    year = {2017},
    journal = {Sle},
    author = {Zhang, Haoyuan and Li, Huang and Oliveira, Bruno C. d. S.},
    pages = {2--13},
    url = {https://doi.org/10.1145/3136014.3136016%0Ahttps://doi.org/10.1145/3136014.},
    isbn = {9781450355254},
    doi = {10.1145/3136014.3136016},
    keywords = {Object Algebras, modular parsing, semantic modularity}
}

@article{Burger2015,
    title = {{Reference attribute grammar controlled graph rewriting: motivation and overview}},
    year = {2015},
    journal = {SLE 2015 Proceedings of the 2015 ACM SIGPLAN International Conference on Software Language Engineering},
    author = {B{\"{u}}rger, Christoff},
    pages = {89--100},
    url = {http://dl.acm.org/citation.cfm?id=2814251.2814257},
    isbn = {978-1-4503-3686-4},
    doi = {10.1145/2814251.2814257},
    keywords = {dynamic evaluation, graph rewriting, memoization, reference attribute grammar}
}

@article{Czarnecki2012,
    title = {{Cool features and tough decisions: a comparison of variability modeling approaches}},
    year = {2012},
    journal = {the Sixth International Workshop on Variability Modeling of Software-Intensive Systems},
    author = {Czarnecki, Krzysztof and Gr{\"{u}}nbacher, Paul},
    pages = {173--182},
    url = {http://dl.acm.org/citation.cfm?id=2110167},
    isbn = {9781450310581},
    doi = {10.1145/2110147.2110167},
    keywords = {decision modeling, feature modeling, product, variability modeling}
}

@article{Ringert2014,
    title = {{Code generator composition for model-driven engineering of robotics component {\&} connector systems}},
    year = {2014},
    journal = {CEUR Workshop Proceedings},
    author = {Ringert, Jan Oliver and Roth, Alexander and Rumpe, Bernhard and Wortmann, Andreas},
    pages = {66--77},
    volume = {1319},
    issn = {16130073},
    arxivId = {1505.00904}
}

@article{Yildiz2011,
    title = {{Architectural viewpoints for global software development}},
    year = {2011},
    journal = {Proceedings - 2011 6th IEEE International Conference on Global Software Engineering Workshops, ICGSE Workshops 2011},
    author = {Yildiz, Bugra M. and Tekinerdogan, Bedir},
    pages = {9--16},
    isbn = {9780769545585},
    doi = {10.1109/ICGSE-W.2011.11},
    issn = {2329-6305},
    keywords = {Architectural Viewpoint, Architecture Modeling, Global Software Development}
}

@article{Boronat2017a,
    title = {{Structural Model Subtyping with OCL Constraints}},
    year = {2017},
    journal = {Proceedings of the 10th ACM SIGPLAN International Conference on Software Language Engineering},
    author = {Boronat, Artur},
    pages = {194--205},
    url = {http://doi.acm.org/10.1145/3136014.3136026},
    isbn = {978-1-4503-5525-4},
    doi = {10.1145/3136014.3136026},
    keywords = {EMF, Model subtyping, OCL, type theory}
}

@article{Whitehead2007,
    title = {{Collaboration in software engineering: A roadmap}},
    year = {2007},
    journal = {FoSE 2007: Future of Software Engineering},
    author = {Whitehead, Jim},
    pages = {214--225},
    isbn = {0769528295},
    doi = {10.1109/FOSE.2007.4},
    issn = {1615-147X},
    pmid = {24304625}
}

@article{Sloane2014,
    title = {{Monto: A Disintegrated Development Environment}},
    year = {2014},
    journal = {Software Language Engineering},
    author = {Sloane, Anthony M. and Roberts, Matthew and Buckley, Scott and Muscat, Shaun},
    pages = {211--220},
    url = {http://link.springer.com/10.1007/978-3-319-11245-9_12},
    isbn = {978-3-319-11245-9},
    doi = {10.1007/978-3-319-11245-9{\_}12},
    issn = {16113349}
}

@article{Gabriel2011,
    title = {{Do Software Languages Engineers Evaluate their Languages?}},
    year = {2011},
    author = {Gabriel, Pedro and Goul{\~{a}}o, Miguel and Amaral, Vasco},
    url = {http://arxiv.org/abs/1109.6794},
    isbn = {9789978325100},
    arxivId = {1109.6794},
    keywords = {domain specific languages, evaluation, experimental software engineering, language engineering, systematic review, usability}
}

@article{Lindeman2012,
    title = {{Declaratively Defining Domain-Specific Language Debuggers}},
    year = {2012},
    journal = {International Conference on Generative Programming and Component Engineering (GPCE)},
    author = {Lindeman, Ricky T and Kats, Lennart C L and Visser, Eelco},
    pages = {127--136},
    isbn = {9781450306898},
    doi = {10.1145/2189751.2047885},
    issn = {15232867},
    keywords = {Debugging, Domain-specific language, Language workbench, Spoofax}
}

@article{Oliveira2007,
    title = {{The {\{}CommUnity{\}} Workbench}},
    year = {2007},
    journal = {Science of Computer Programming},
    author = {Oliveira, Cristóvão and Wermelinger, Michel},
    number = {1–3},
    pages = {46--55},
    volume = {69},
    url = {http://www.sciencedirect.com/science/article/pii/S0167642307001621},
    doi = {10.1016/j.scico.2006.09.005},
    issn = {0167-6423},
    keywords = {Computation, Coordination, Distribution, High Level Design, Mobility, Separation of concerns}
}

@article{Vanzin2006,
    title = {{TDE UML editor - A success development case of a software extension}},
    year = {2006},
    journal = {Proceedings - 2006 IEEE International Conference on Global Software Engineering, ICGSE 2006},
    author = {Vanzin, Daniel D. and Martins, Ivan L. and Pereira Filho, J. B A},
    pages = {257--258},
    isbn = {0769526632},
    doi = {10.1109/ICGSE.2006.261248},
    issn = {2329-6305}
}

@article{Wise2000,
    title = {{{\{}U{\}}sing {\{}L{\}}ittle-{\{}JIL{\}} to {\{}C{\}}oordinate {\{}A{\}}gents in {\{}S{\}}oftware {\{}E{\}}ngineering}},
    year = {2000},
    journal = {Automated Software Engineering Conference (ASE 2000)},
    author = {Wise, Alexander and Cass, Aaron G and Lerner, Barbara Staudt and McCall, Eric K},
    pages = {155--163},
    isbn = {0769507107}
}

@article{Safina2016,
    title = {{Data-driven workflows for microservices: Genericity in jolie}},
    year = {2016},
    journal = {Proceedings - International Conference on Advanced Information Networking and Applications, AINA},
    author = {Safina, Larisa and Mazzara, Manuel and Montesi, Fabrizio and Rivera, Victor},
    pages = {430--437},
    volume = {2016-May},
    isbn = {9781509018574},
    doi = {10.1109/AINA.2016.95},
    issn = {1550445X},
    keywords = {Data-driven workflow, Genericity, Jolie, Microservices}
}

@article{Begel2010,
    title = {{Codebook: Discovering and Exploiting Relationships in Software Repositories}},
    year = {2010},
    journal = {Proceedings of the 32nd ACM/IEEE International Conference on Software Engineering - ICSE '10},
    author = {Begel, Andrew and Phang, Khoo Yit and Zimmermann, Thomas},
    pages = {125},
    volume = {1},
    url = {http://www.sinab.unal.edu.co:2365/articleDetails.jsp?arnumber=6062080&contentType=Conference+Publications},
    isbn = {978-1-60558-719-6},
    doi = {10.1145/1806799.1806821},
    issn = {0270-5257},
    pmid = {8310616},
    keywords = {Computer bugs, Crawlers, Databases, Deep Intellisense, Electronic mail, Hoozizat Intellisense, Programming, Servers, Software, codebook framework, data mining, data structure, data structures, inter-team coordination, interteam coordination, knowledge management, large-scale software engineering, microsoft engineers, mining software repositories, regular expression, regular language reachability, social networking, software development management, software repositories, software repository mining, team working}
}

@article{Spanoudakis2008,
    title = {{An agent modeling language implementing protocols through capabilities}},
    year = {2008},
    journal = {Proceedings - 2008 IEEE/WIC/ACM International Conference on Intelligent Agent Technology, IAT 2008},
    author = {Spanoudakis, Nikolaos and Moraitis, Pavlos},
    pages = {578--582},
    isbn = {9780769534961},
    doi = {10.1109/WIIAT.2008.343}
}

@article{Sa2002,
    title = {{A unified process support framework for global software development}},
    year = {2002},
    journal = {Proceedings - IEEE Computer Society's International Computer Software and Applications Conference},
    author = {Sa, Jin and Maslova, Elena},
    pages = {1065--1070},
    isbn = {0769517277},
    doi = {10.1109/CMPSAC.2002.1045150},
    issn = {07303157}
}

@article{Dehui2009,
    title = {{Probabilistic coordination language for component dynamic composition}},
    year = {2009},
    journal = {Proceedings - 2009 3rd IEEE International Symposium on Theoretical Aspects of Software Engineering, TASE 2009},
    author = {Dehui, Du and Ling, Yin},
    number = {1},
    pages = {317--318},
    isbn = {9780769537573},
    doi = {10.1109/TASE.2009.37},
    keywords = {Component, Coordination, Dynamic composition, Probability model}
}

@article{Lester2005,
    title = {{Evaluating UML tool support for effective coordination and communication across geographically disparate sites}},
    year = {2005},
    journal = {STEP 2004 Proceedings - The 12th International Workshop on Software Technology and Engineering Practice},
    author = {Lester, N. G. and Wilkie, F. G.},
    pages = {57--64},
    isbn = {0769522939},
    doi = {10.1109/STEP.2004.10}
}

@article{Grundy1996,
    title = {{Visual language support for planning and coordination in cooperative work systems}},
    year = {1996},
    journal = {IEEE Symposium on Visual Languages, Proceedings},
    author = {Grundy, John C and Hosking, John G},
    pages = {324--325},
    url = {https://www.scopus.com/inward/record.uri?eid=2-s2.0-0029703636&partnerID=40&md5=e34c1bc8ce9b8b3d86da47b7d6581e7a},
    isbn = {0818674695},
    issn = {10492615}
}

@article{Young1995,
    title = {{Human-executed operations in teamware process programming system}},
    year = {1995},
    journal = {Proceedings of the International Software Process Workshop},
    author = {Young, Patrick S. and Taylor, Richard N.},
    number = {714},
    pages = {78--81},
    isbn = {0818667702},
    doi = {10.1142/S0219467814500119},
    issn = {0219-4678}
}

@article{Rodrigues2008,
    title = {{CoordInspector: A tool for extracting coordination data from legacy code}},
    year = {2008},
    journal = {Proceedings - 8th IEEE International Working Conference on Source Code Analysis and Manipulation, SCAM 2008},
    author = {Rodrigues, Nuno F. and Barbosa, Luis S.},
    pages = {265--266},
    isbn = {9780769533537},
    doi = {10.1109/SCAM.2008.10}
}

@article{Suali2018,
    title = {{Developers' coordination issues and its impact on software quality: A systematic review}},
    year = {2018},
    journal = {Proceeding - 2017 3rd International Conference on Science in Information Technology: Theory and Application of IT for Education, Industry and Society in Big Data Era, ICSITech 2017},
    author = {Suali, A. J. and Fauzi, S. S.M. and Sobri, W. A.W.M. and Nasir, M. H.N.M.},
    pages = {659--663},
    volume = {2018-Janua},
    isbn = {9781509058662},
    doi = {10.1109/ICSITech.2017.8257195},
    keywords = {Coordination, Software Quality, Systematic Literature Review (STC)}
}

@article{Everaars2004,
    title = {{Modernizing existing software: A case study}},
    year = {2004},
    journal = {Proceedings of the ACM/IEEE SC 2004 Conference: Bridging Communities},
    author = {Everaars, C. T.H. and Arbab, F. and Koren, B.},
    number = {c},
    volume = {00},
    isbn = {0769521533},
    doi = {10.1109/SC.2004.34},
    keywords = {Coordination languages, Design, Experimentation, Languages, Parallel and distributed computing, Performance, Protocol library, Software renovation, Software reusability}
}

@article{Ciancarini1995,
    title = {{Modeling the software process using coordination rules}},
    year = {1995},
    journal = {Proceedings 4th IEEE Workshop on Enabling Technologies: Infrastructure for Collaborative Enterprises (WET ICE '95)},
    author = {Ciancarini, P.},
    pages = {46--53},
    url = {http://ieeexplore.ieee.org/lpdocs/epic03/wrapper.htm?arnumber=484547},
    isbn = {9781538629260},
    doi = {10.1109/ISPSD.2018.8393642},
    issn = {10636854},
    keywords = {Animation, Gain control, Genetic programming, Logic programming, Process design, Production systems, Proposals, Prototypes, Software quality, Software systems, computer aided software engineering, coordination, coordination rules, dynamic knowledge base, enactment, logic programming languages, process-centered development environments, programming environments, project database, project support environments, rule-based languages, rule-based program, software development process, software process modeling, software process specification, software system production lifecycle}
}

@article{House2015,
    title = {{Freedom on the Net - Uganda}},
    year = {2015},
    author = {House, Freedom},
    number = {5},
    pages = {1--11},
    volume = {24},
    url = {https://freedomhouse.org/sites/default/files/resources/FOTN 2015_Uganda.pdf},
    isbn = {9781579633752},
    doi = {10.1109/32.685256},
    issn = {0098-5589}
}

@article{Amorim2016,
    title = {{Principled syntactic code completion using placeholders}},
    year = {2016},
    journal = {Proceedings of the 2016 ACM SIGPLAN International Conference on Software Language Engineering - SLE 2016},
    author = {Amorim, Luís Eduardo de Souza and Erdweg, Sebastian and Wachsmuth, Guido and Visser, Eelco},
    pages = {163--175},
    url = {http://dl.acm.org/citation.cfm?doid=2997364.2997374},
    isbn = {9781450344470},
    doi = {10.1145/2997364.2997374},
    issn = {0178-2762},
    keywords = {Code Completion, IDEs, Language Workbenches, code completion, language workbenches}
}

@article{Yin2017,
    title = {{Linked data enabled collaboration in large-scale avionics software development}},
    year = {2017},
    journal = {AIAA/IEEE Digital Avionics Systems Conference - Proceedings},
    author = {Yin, Wei and Miao, Wansheng and Tuo, Jiang and Zhang, Xin and Zhang, Min and Shen, Beijun},
    volume = {2017-Septe},
    isbn = {9781538603659},
    doi = {10.1109/DASC.2017.8102032},
    issn = {21557209},
    keywords = {DO-178B/C, inter-team coordination, knowledge management, large-scale avionics software development, linked data, mining software repositories}
}

@article{Laurent2015,
    title = {{Parsing expression grammars made practical}},
    year = {2015},
    journal = {Proceedings of the 2015 ACM SIGPLAN International Conference on Software Language Engineering},
    author = {Laurent, Nicolas and Mens, Kim},
    pages = {167--172},
    isbn = {9781450336864},
    doi = {10.1145/2814251.2814265},
    arxivId = {1509.02439},
    keywords = {associativity, left-recursion, parsing, parsing expression grammar, precedence}
}

@article{Pearce2015,
    title = {{The whiley rewrite language (WyRL)}},
    year = {2015},
    journal = {Proceedings of the 2015 ACM SIGPLAN International Conference on Software Language Engineering},
    author = {Pearce, David J.},
    pages = {161--166},
    isbn = {9781450336864},
    doi = {10.1145/2814251.2814266},
    keywords = {Deductive Theorem Proving, Term Rewriting}
}

@article{Sharma2016,
    title = {{Integrated simulation of CIF3 and simulink models}},
    year = {2016},
    journal = {Proceedings of the 1st Industry Track on Software Language Engineering - ITSLE 2016},
    author = {Sharma, Abhishek and Reniers, Michel},
    pages = {33--37},
    url = {http://dl.acm.org/citation.cfm?doid=2998407.2998410},
    isbn = {9781450346467},
    doi = {10.1145/2998407.2998410},
    keywords = {automotive commu-, be able to perform, car radio and intelligent, domain specific modeling, exploration, in domains such as, it is essential to, its, nication systems, simulation visualization, systems, transportation, validation}
}

@article{Saul2016,
    title = {{A Domain Specific Language for Optimal Pumping Systems}},
    year = {2016},
    journal = {Proceedings of the 1st Industry Track on Software Language Engineering},
    author = {Saul, Benjamin and Berg, Christian and Zimmermann, Wolf},
    pages = {23--32},
    url = {http://doi.acm.org/10.1145/2998407.2998412},
    isbn = {978-1-4503-4646-7},
    doi = {10.1145/2998407.2998412},
    keywords = {domain specific language, mixed-integer linear programming, model to model transformation}
}

@article{Schauss2017,
    title = {{A Chrestomathy of DSL Implementations}},
    year = {2017},
    journal = {Sle},
    author = {Schauss, Simon and L{\"{a}}mmel, Ralf and H{\"{a}}rtel, Johannes and Heinz, Marcel and Klein, Kevin and H{\"{a}}rtel, Lukas and Berger, Thorsten},
    pages = {103--114},
    url = {https://doi.org/10.1145/3136014.},
    isbn = {9781450355254},
    doi = {10.1145/3136014.3136038},
    issn = {0161-6420},
    keywords = {Semantics, Soft-ware libraries and repositories, Syntax, modeling and modularity}
}

@article{Neubauer2015,
    title = {{XMLText: From XML schema to Xtext}},
    year = {2015},
    journal = {SLE 2015 - Proceedings of the 2015 ACM SIGPLAN International Conference on Software Language Engineering},
    author = {Neubauer, P and Bergmayr, A and Mayerhofer, T and Troya, J and Wimmer, M},
    pages = {71--76},
    url = {https://www.scopus.com/inward/record.uri?eid=2-s2.0-84962494451&partnerID=40&md5=2bdc222a5315d48dfc50e294fe6685e9},
    isbn = {978-1-4503-3686-4},
    doi = {10.1145/2814251.2814267},
    issn = {00119164},
    keywords = {dsl, general terms algorithms, language engineering, language modernization, languages, markup language, xsd, xtext}
}

@article{Marques2012,
    title = {{The RPG DSL: A Case Study of Language Engineering using MDD for Generating RPG Games for Mobile Phones}},
    year = {2012},
    journal = {DSM '12 Proceedings of the 2012 workshop on Domain-specific modeling},
    author = {Marques, Eduardo and Balegas, Valter and Barroca, Bruno F. and Barisic, Ankica and Amaral, Vasco},
    pages = {13--18},
    url = {http://doi.acm.org/10.1145/2420918.2420923%0Ahttp://dl.acm.org/citation.cfm?doid=2420918.2420923},
    isbn = {978-1-4503-1634-7},
    doi = {10.1145/2420918.2420923},
    arxivId = {1512.04455},
    keywords = {algebraic petri-net, domain specific language, model transformation, model-driven development}
}

@article{Atkinson2011,
    title = {{The level-agnostic modeling language}},
    year = {2011},
    journal = {Lecture Notes in Computer Science (including subseries Lecture Notes in Artificial Intelligence and Lecture Notes in Bioinformatics)},
    author = {Atkinson, Colin and Kennel, Bastian and Go{\ss}, Björn},
    pages = {266--275},
    volume = {6563 LNCS},
    isbn = {9783642194399},
    doi = {10.1007/978-3-642-19440-5{\_}16},
    issn = {03029743},
    keywords = {Modeling Language, Multi-Level Modeling}
}

@article{Paige2009,
    title = {{The design of a conceptual framework and technical infrastructure for model management language engineering}},
    year = {2009},
    journal = {Proceedings of the IEEE International Conference on Engineering of Complex Computer Systems, ICECCS},
    author = {Paige, Richard F. and Kolovos, Dimitrios S. and Rose, Louis M. and Drivalos, Nicholas and Polack, Fiona A.C.},
    pages = {162--171},
    isbn = {9780769537023},
    doi = {10.1109/ICECCS.2009.14}
}

@article{Herrmannsdoerfer2011,
    title = {{COPE - A workbench for the coupled evolution of metamodels and models}},
    year = {2011},
    journal = {Lecture Notes in Computer Science (including subseries Lecture Notes in Artificial Intelligence and Lecture Notes in Bioinformatics)},
    author = {Herrmannsdoerfer, Markus},
    pages = {286--295},
    volume = {6563 LNCS},
    isbn = {9783642194399},
    doi = {10.1007/978-3-642-19440-5{\_}18},
    issn = {03029743}
}

@article{Salvaneschi2012,
    title = {{Context-oriented programming: A software engineering perspective}},
    year = {2012},
    journal = {Journal of Systems and Software},
    author = {Salvaneschi, Guido and Ghezzi, Carlo and Pradella, Matteo},
    number = {8},
    pages = {1801--1817},
    volume = {85},
    publisher = {Elsevier Inc.},
    url = {http://dx.doi.org/10.1016/j.jss.2012.03.024},
    isbn = {9781450310925},
    doi = {10.1016/j.jss.2012.03.024},
    issn = {01641212},
    keywords = {Context, Context-awareness, Context-oriented programming}
}

@article{Selic2011,
    title = {{The theory and practice of modeling language design for model-based software engineering - A personal perspective}},
    year = {2011},
    journal = {Lecture Notes in Computer Science (including subseries Lecture Notes in Artificial Intelligence and Lecture Notes in Bioinformatics)},
    author = {Selic, Bran},
    pages = {290--321},
    volume = {6491 LNCS},
    isbn = {3642180221},
    doi = {10.1007/978-3-642-18023-1{\_}7},
    issn = {03029743},
    keywords = {EMF, MOF, UML, computer language design, engineering models, metamodeling, model-based engineering, model-driven development, modeling languages, profiles, programming language semantics}
}

@article{Shah2010,
    title = {{Multi-view Modeling to Support Embedded.pdf}},
    year = {2010},
    author = {Shah, Aditya A and Kerzhner, Aleksandr A and Schaefer, Dirk and Paredis, Christiaan J J},
    pages = {580--601}
}

@article{Atkinson2012,
    title = {{Melanie – Multi-level Modeling and Ontology Engineering Environment}},
    year = {2012},
    journal = {ACM, Proceedings of the 2nd International Master Class on Model-Driven Engineering: Modeling Wizards},
    author = {Atkinson, Colin and Gerbig, Ralph},
    number = {Lml},
    pages = {5--6},
    isbn = {9781450318532},
    doi = {10.1145/2448076.2448083}
}

@article{Torre2016a,
    title = {{UML consistency rules in technical books}},
    year = {2016},
    journal = {2015 IEEE International Symposium on Software Reliability Engineering Workshops, ISSREW 2015},
    author = {Torre, Damiano and Labiche, Yvan and Genero, Marcela and Elaasar, Maged},
    pages = {68},
    isbn = {9781509019441},
    doi = {10.1109/ISSREW.2015.7392047},
    issn = {0377-9238},
    pmid = {14674615},
    keywords = {Unified Modeling Language Consistency rules}
}

@article{Briand2006,
    title = {{Toward the Reverse Engineering of UML Sequence Diagrams for Distributed Java Software}},
    year = {2006},
    journal = {IEEE Transactions on Software Engineering},
    author = {Briand, L.C. and Labiche, Yvan and Leduc, Johanne},
    number = {9},
    pages = {642--663},
    volume = {32},
    url = {http://ieeexplore.ieee.org/lpdocs/epic03/wrapper.htm?arnumber=1707665},
    isbn = {9781439806265},
    doi = {10.1109/TSE.2006.96},
    issn = {0098-5589},
    keywords = {AspectJ, Distribution, OCL, RMI, Reverse engineering, Sequence diagram, UML}
}

@article{Bruneliere2014,
    title = {{MoDisco: A model driven reverse engineering framework}},
    year = {2014},
    journal = {Information and Software Technology},
    author = {Bruneli{\`{e}}re, Hugo and Cabot, Jordi and Dup{\'{e}}, Grégoire and Madiot, Frédéric},
    number = {8},
    pages = {1012--1032},
    volume = {56},
    isbn = {9780123749130},
    doi = {10.1016/j.infsof.2014.04.007},
    issn = {09505849},
    keywords = {Framework, Legacy systems, Model Driven Engineering (MDE), Model Driven Reverse Engineering (MDRE), Reverse engineering}
}

@article{Wibowo2016,
    title = {{Unit test code generator for lua programming language}},
    year = {2016},
    journal = {Proceedings of 2015 International Conference on Data and Software Engineering, ICODSE 2015},
    author = {Wibowo, Junno Tantra Pratama and Hendradjaya, Bayu and Widyani, Yani},
    pages = {241--245},
    isbn = {9781467384285},
    doi = {10.1109/ICODSE.2015.7437005},
    issn = {0003410X},
    keywords = {Lua, code generator, unit test}
}

@article{Konsky2004,
    title = {{Integrating Design Formalisms in Software Engineering Education}},
    year = {2004},
    author = {Konsky, Brian R Von and Robey, Mike and Nair, Sule},
    pages = {0--5},
    issn = {10930175}
}

@article{King,
    title = {{Yingxu Wang and Hakan Wickburg 2 scopes of software components and types of maintenance}},
    author = {King, Graham}
}

@article{Tomer2012,
    title = {{Applying system thinking to model-based software engineering}},
    year = {2012},
    journal = {IEEE Global Engineering Education Conference, EDUCON},
    author = {Tomer, Amir},
    isbn = {2165-9559},
    doi = {10.1109/EDUCON.2012.6201185},
    issn = {21659559},
    keywords = {Life-Cycle, Model-Based Development, Software Engineering, Systems Engineering, Unified Modeling Language (UML)}
}

@article{Tekinerdogan2013,
    title = {{Evaluation framework for software architecture viewpoint languages}},
    year = {2013},
    journal = {Proceedings of the 9th international ACM Sigsoft conference on Quality of software architectures - QoSA '13},
    author = {Tekinerdogan, Bedir and Demirli, Elif},
    pages = {89},
    url = {http://dl.acm.org/citation.cfm?doid=2465478.2465483},
    isbn = {9781450321266},
    doi = {10.1145/2465478.2465483}
}

@article{Santos2016,
    title = {{Xdiagram: a declarative textual DSL for describing diagram editors (tool demo)}},
    year = {2016},
    journal = {Proceedings of the 2016 ACM SIGPLAN International Conference on Software Language Engineering - SLE 2016},
    author = {Santos, André L. and Gomes, Eduardo},
    number = {Omg 2006},
    pages = {253--257},
    url = {http://dl.acm.org/citation.cfm?doid=2997364.2997377},
    isbn = {9781450344470},
    doi = {10.1145/2997364.2997377},
    keywords = {diagrams, dsls, graphical syntax, language}
}

@article{Voelter2016a,
    title = {{Efficient development of consistent projectional editors using grammar cells}},
    year = {2016},
    journal = {Proceedings of the 2016 ACM SIGPLAN International Conference on Software Language Engineering - SLE 2016},
    author = {Voelter, Markus and Szab{\'{o}}, Tamás and Lisson, Sascha and Kolb, Bernd and Erdweg, Sebastian and Berger, Thorsten},
    pages = {28--40},
    url = {http://dl.acm.org/citation.cfm?doid=2997364.2997365},
    isbn = {9781450344470},
    doi = {10.1145/2997364.2997365},
    keywords = {jetbrains mps, language engineering, language workbenches, projectional editing, usability}
}

@article{Meyers2016,
    title = {{Automated testing support for reactive domain-specific modelling languages}},
    year = {2016},
    journal = {Proceedings of the 2016 ACM SIGPLAN International Conference on Software Language Engineering - SLE 2016},
    author = {Meyers, Bart and Denil, Joachim and D{\'{a}}vid, István and Vangheluwe, Hans},
    pages = {181--194},
    url = {http://dl.acm.org/citation.cfm?doid=2997364.2997367},
    isbn = {9781450344470},
    doi = {10.1145/2997364.2997367},
    issn = {0305-0270},
    keywords = {domain-specific modelling, language engi-, model testing, neering}
}

@article{Gao2010,
    title = {{Based on formal methods in trustable software requirements engineering}},
    year = {2010},
    journal = {International Conference on Internet Technology and Applications, ITAP 2010 - Proceedings},
    author = {Gao, Honghao and Wang, Shuoping},
    pages = {2--5},
    isbn = {9781424451432},
    doi = {10.1109/ITAPP.2010.5566647},
    keywords = {Process algebra, Software engineering, Software requirements analysis and management, Software requirements specification, Z language}
}

@article{Goncharenko2016,
    title = {{Language design and implementation for the domain of coding conventions}},
    year = {2016},
    journal = {Proceedings of the 2016 ACM SIGPLAN International Conference on Software Language Engineering - SLE 2016},
    author = {Goncharenko, Boryana and Zaytsev, Vadim},
    pages = {90--104},
    url = {http://dl.acm.org/citation.cfm?doid=2997364.2997386},
    isbn = {9781450344470},
    doi = {10.1145/2997364.2997386},
    keywords = {conventions, software language design}
}

@article{Combemalea,
    title = {{GlobalDSL ' 13 : First Workshop on The Globalization of Domain Specific Languages [ Extended Summary ]}},
    author = {Combemale, Benoit and France, Robert B},
    pages = {1--3},
    isbn = {9781450320436},
    keywords = {domain specific language, language com-, model composition, modeling language, position, program composition, programming language, software language engineering}
}

@article{Lee1998,
    title = {{Integration and analysis of use cases using modular petri nets in requirements engineering}},
    year = {1998},
    journal = {IEEE Transactions on Software Engineering},
    author = {Lee, Woo Jin},
    number = {12},
    pages = {1115--1130},
    volume = {24},
    isbn = {0098-5589},
    doi = {10.1109/32.738342},
    issn = {00985589},
    keywords = {Incremental specification, Petri nets, Petri nets slice, Requirements engineering, Scenarios, Use case dependency analysis, Use cases}
}

@article{Shawl2013BIOMETRICSPATIENTS,
    title = {{BIOMETRICS – IMPLEMENTING INTO THE HEALTHCARE INDUSTRY INCREASES THE SECURITY FOR THE DOCTORS, NURSES, AND PATIENTS}},
    year = {2013},
    author = {Shawl, Darrell},
    pages = {1--35}
}

@article{Krawczyk2005UsingAuthentication,
    title = {{Using Biometric Authentication}},
    year = {2005},
    author = {Krawczyk, Stephen and Jain, Anil K},
    pages = {1110--1119}
}

@article{Adegbola2014ExploitingRecords,
    title = {{Exploiting Multimodal Biometrics in E-Privacy Scheme for Electronic Health Records}},
    year = {2014},
    author = {Adegbola, Omotanwa},
    number = {18},
    pages = {22--34},
    volume = {4},
    keywords = {biometrics, electronic health record, privacy}
}

@article{Hicklin2006AFusion,
    title = {{A Brief Introduction to Biometric Fusion}},
    year = {2006},
    author = {Hicklin, Austin and Ulery, Brad and Watson, Craig},
    number = {June},
    pages = {1--10}
}

@article{2003NoTitle,
    title = {{No Title}},
    year = {2003}
}

@misc{What-electronic-health-record-ehrWww.healthit.gov,
    title = {{what-electronic-health-record-ehr @ www.healthit.gov}},
    url = {http://www.healthit.gov/providers-professionals/faqs/what-electronic-health-record-ehr}
}

@article{BiometricsProgram,
    title = {{Program Integrity White Paper DRIVING REDUCTION IN HEALTHCARE FRAUD WITH BIOMETRIC IDENTITY International Biometrics {\&} Identification Association ( IBIA )}},
    author = {Biometrics, International}
}

@article{Magalhaes2011DIGITALPortugal,
    title = {{DIGITAL AGENDA FOR EUROPE 2010-2020 Current priorities for Portugal Visit of the Director of Emerging Technologies and Infrastrutures of Digital Agenda for Europe 2010-2020 Current priorities for Portugal}},
    year = {2011},
    author = {Magalh{\~{a}}es, Luis}
}

@misc{HARVARDAT,
    title = {{HARVARD INFORMATION SECURITY AT}},
    url = {http://policy.security.harvard.edu/files/it-security-2/files/hipaa_advisory_11.18.14.pdf}
}

@misc{HipaaTn.gov,
    title = {{hipaa @ tn.gov}},
    url = {http://tn.gov/health/topic/hipaa}
}

@article{Health1996HealthEnforcement,
    title = {{Health Insurance Portability and Accountability Act ( HIPAA ) Privacy Rule : A Guide for Law Enforcement}},
    year = {1996},
    author = {Health, The and Portability, Insurance and Rights, Family Educational}
}

@misc{BiometricsEn.wikipedia.org,
    title = {{Biometrics @ en.wikipedia.org}},
    url = {https://en.wikipedia.org/wiki/Biometrics}
}

@article{VargaManagingPractice,
    title = {{Managing Paper Patient Records in a Clinical Practice}},
    author = {Varga, Dr. John}
}

@article{ToreRemovalWorkflow,
    title = {{Removal of paper-based health records from Norwegian hospitals : Effects on clinical workflow}},
    author = {Tore, Jan and Faxvaag, Arild},
    keywords = {computerized, medical records systems, utilization}
}

@article{Bhandari2012QualityRecords,
    title = {{Quality Issues on Paper Based Medical Records and Challenges on Transition to Electronic Medical Records}},
    year = {2012},
    author = {Bhandari, Ram B},
    pages = {1--11},
    volume = {224}
}

@article{BetzlerMichael2003ComparingCodes,
    title = {{Comparing Paper-based with Electronic Patient Records : Lessons Learned during a Study on Diagnosis and Procedure Codes}},
    year = {2003},
    author = {Betzler Michael, Prof. Dr. Med},
    pages = {470--477},
    doi = {10.1197/jamia.M1290.j}
}

@misc{Medical-LegalHttp://www.medleague.com/blog/2013/04/01/5-top-disadvantages-of-manual-medical-records/,
    title = {{Medical-Legal Topics @ http://www.medleague.com/blog/2013/04/01/5-top-disadvantages-of-manual-medical-records/}},
    url = {http://www.medleague.com/blog/2013/04/01/5-top-disadvantages-of-manual-medical-records/}
}

@misc{WikiC2.Com,
    title = {{Wiki @ C2.Com}},
    url = {http://c2.com/cgi/wiki?SystemsDevelopmentLifeCycle}
}

@misc{Strongly-typed+programming+languageEncyclopedia2.thefreedictionary.com,
    title = {{Strongly-typed+programming+language @ encyclopedia2.thefreedictionary.com}},
    url = {http://encyclopedia2.thefreedictionary.com/Strongly-typed+programming+language}
}

@misc{What-are-the-differences-between-strongly-typed-and-weakly-typed-languagesWww.quora.com,
    title = {{What-are-the-differences-between-strongly-typed-and-weakly-typed-languages @ www.quora.com}},
    url = {https://www.quora.com/What-are-the-differences-between-strongly-typed-and-weakly-typed-languages}
}

@misc{WikiC2.Comb,
    title = {{Wiki @ C2.Com}},
    url = {http://c2.com/cgi/wiki?SystemsDevelopmentLifeCycle}
}

@misc{Exhaustive_testingWww.tutorialspoint.com,
    title = {{exhaustive{\_}testing @ www.tutorialspoint.com}},
    url = {http://www.tutorialspoint.com/software_testing_dictionary/exhaustive_testing.htm}
}

@misc{Exhaustive-testingWww.techopedia.com,
    title = {{exhaustive-testing @ www.techopedia.com}},
    url = {https://www.techopedia.com/definition/19234/exhaustive-testing}
}

@misc{Prentice,
    title = {{Prentice}}
}

@article{MaTo,
    title = {{To serve and protect ? Electronic health records pose challenges for privacy , autonomy and person-centered medicine How efficient are current means of monitoring privacy ?}},
    author = {Ma, Talya Miron-shatz and Elwyn, Glyn and Bch, M B},
    number = {2},
    pages = {405--409},
    volume = {1},
    keywords = {19104-, 3730 walnut st, 716 jhh, computerized, confidentiality, correspondence address, dr, electronic health records, hippa patient participation, medical records systems, pa, philadelphia, talya miron-shatz, university of pennsylvania, wharton school}
}

@misc{Remarks-president-barack-obama-address-joint-session-congressWww.whitehouse.gov,
    title = {{remarks-president-barack-obama-address-joint-session-congress @ www.whitehouse.gov}},
    url = {https://www.whitehouse.gov/the-press-office/remarks-president-barack-obama-address-joint-session-congress}
}

@misc{IndexWww.Hhs.Gov,
    title = {{Index @ Www.Hhs.Gov}},
    url = {http://www.hhs.gov/ocr/privacy/hipaa/enforcement/highlights/index.html}
}

@misc{A7d094ecb7eab8e07308fe604a2b46748e121215Www.ncbi.nlm.nih.gov,
    title = {{a7d094ecb7eab8e07308fe604a2b46748e121215 @ www.ncbi.nlm.nih.gov}},
    url = {http://www.ncbi.nlm.nih.gov/pmc/articles/PMC1550638/}
}

@misc{D46b75e26fffad0c71c154be8c9439e81eac282aDevtechnology.com,
    title = {{d46b75e26fffad0c71c154be8c9439e81eac282a @ devtechnology.com}},
    url = {http://devtechnology.com/emerging-biometric-technology-revocable-biometric-features/}
}

@misc{Biometrics101Www.biometricsdirect.com,
    title = {{biometrics101 @ www.biometricsdirect.com}},
    url = {http://www.biometricsdirect.com/Biometrics/biometrics101.htm}
}

@misc{A-study-on-biometric-authentication-techniquesWww.slideshare.net,
    title = {{a-study-on-biometric-authentication-techniques @ www.slideshare.net}},
    url = {http://www.slideshare.net/sububasistha/a-study-on-biometric-authentication-techniques}
}

@misc{View_group_subpageResearcher.watson.ibm.com,
    title = {{view{\_}group{\_}subpage @ researcher.watson.ibm.com}},
    url = {http://researcher.watson.ibm.com/researcher/view_group_subpage.php?id=1928}
}

@misc{Thesis-Presentation,
    title = {{Thesis-Presentation}}
}

@misc{AN_OVERVIEW_OF_MULTIMODAL_BIOMETRICSWww.academia.edu,
    title = {{AN{\_}OVERVIEW{\_}OF{\_}MULTIMODAL{\_}BIOMETRICS @ www.academia.edu}},
    url = {http://www.academia.edu/14246879/AN_OVERVIEW_OF_MULTIMODAL_BIOMETRICS}
}

@article{State2013ANCOMBINATION,
    title = {{AN INTELLIGENT CLASSIFIER FUSION TECHNIQUE FOR IMPROVED MULTIMODAL BIOMETRIC AUTHENTICATION USING MODIFIED DEMPSTER-SHAFER RULE OF COMBINATION}},
    year = {2013},
    author = {State, Ondo and State, Oyo and State, Oyo},
    number = {1},
    pages = {1--8},
    volume = {4},
    keywords = {information fusion, multimodal biometric authentication, normalization technique, tanh estimators}
}

@article{Veeramachaneni2008Decision-levelClassifiers,
    title = {{Decision-level fusion strategies for correlated biometric classifiers}},
    year = {2008},
    journal = {2008 IEEE Computer Society Conference on Computer Vision and Pattern Recognition Workshops, CVPR Workshops},
    author = {Veeramachaneni, Kalyan and Osadciw, Lisa and Ross, Arun and Srinivas, Nisha},
    number = {June},
    pages = {1--6},
    isbn = {9781424423408},
    doi = {10.1109/CVPRW.2008.4563104}
}

@article{Rodrigues2009RobustnessAttacks,
    title = {{Robustness of multimodal biometric fusion methods against spoof attacks}},
    year = {2009},
    journal = {Journal of Visual Languages {\&} Computing},
    author = {Rodrigues, Ricardo N. and Ling, Lee Luan and Govindaraju, Venu},
    number = {3},
    pages = {169--179},
    volume = {20},
    doi = {10.1016/j.jvlc.2009.01.010},
    issn = {1045926X}
}

@misc{ServicesHIPAASummary,
    title = {{HIPAA Privacy Rule Summary}},
    author = {Services, U.S. Department of Health & Human},
    url = {http://www.hhs.gov/ocr/privacy/hipaa/understanding/summary/i ndex.html}
}

@misc{2015What-electronic-health-record-her,
    title = {{what-electronic-health-record-her}},
    year = {2015},
    pages = {2015},
    url = {www.healthit.gov}
}

@article{Mercuri2004TheSecurity,
    title = {{The HIPAA-potamus in Health are Dat Security}},
    year = {2004},
    author = {Mercuri, R. T.}
}

@book{OgechukwuN.Iloanusi2015FundamentalsBiometrics,
    title = {{Fundamentals of Biometrics}},
    year = {2015},
    author = {Ogechukwu N. Iloanusi, Charlse C. Osuagwu and Ezeukwu Osuagwu},
    edition = {First Edit},
    pages = {24--50},
    publisher = {University of Nigeria Press}
}

@article{RamakrishnanForReconstruction,
    title = {{for or Performance Measurement and Method Analysis ( PMMA ) f Fingerprint Reconstruction}},
    author = {Ramakrishnan, Josphineleela},
    pages = {1--4}
}

@article{Lopez-robledo2014ElectronicPonce,
    title = {{Electronic Medical Record : Exploring Benefits and Barriers Perceived by Mental Health Providers University of Puerto Rico in Ponce}},
    year = {2014},
    author = {L{\'{o}}pez-robledo, Yaritza M and L{\'{o}}pez-robledo, Diana M and Torres-garc{\'{i}}a, Vanessa and Santiago-medina, Michelle},
    number = {11},
    pages = {51--57},
    volume = {4},
    keywords = {benefits, electronic health record, emr, information system, mental health, psychology, puerto rico}
}

@book{OgechukwuN.Iloanusi2016FundamentalBiometrics,
    title = {{Fundamental of Biometrics}},
    year = {2016},
    author = {Ogechukwu N. Iloanusi, Charlse C. Osuagwu and Ezeukwu Osuagwu},
    edition = {First Edit},
    isbn = {9781118230725}
}

@misc{2016Neurotechnology.SDK.,
    title = {{Neurotechnology. VeriFinger SDK.}},
    year = {2016},
    url = {http://www.neurotechnology.com/}
}

@article{MussbacherA21,
    title = {{A Vision for Generic Concern-Oriented Requirements Reuse RE @ 21}},
    author = {Mussbacher, Gunter}
}

@article{AlamConcern-OrientedDesign,
    title = {{Concern-Oriented Software Design}},
    author = {Alam, Omar and Kienzle, Jörg and Mussbacher, Gunter}
}

@inproceedings{DiazTheModel,
    title = {{The Tuple Channel coordination model}},
    booktitle = {Proceedings of PDSE '97: 2nd International Workshop on Software Engineering for Parallel and Distributed Systems},
    author = {Diaz, M. and Rubio, B. and Troya, J.M.},
    pages = {95--106},
    publisher = {IEEE Comput. Soc},
    url = {http://ieeexplore.ieee.org/document/596830/},
    isbn = {0-8186-8043-1},
    doi = {10.1109/PDSE.1997.596830}
}

@article{Torre2015OnRules,
    title = {{On Validating UML Consistency Rules}},
    year = {2015},
    author = {Torre, Damiano and Lq, Glvfxvvhg and Lq, Ghwdlo and Sxeolfdwlrqv, Rwkhu and Ri, Frpsrvhg and Lqj, Y D U and Ri, Qxpehuv},
    pages = {59--60},
    isbn = {9781509019441},
    keywords = {1, 16, 3 52, 5 54, 54, 72, 7kh surfhgxuh wr dqvzhu, 85, consistency rules, uml, uml synthesis techniques, unified modeling language, validation, wkh wzr uhvhdufk txhvwlrqv}
}

@article{Demuth2018Artifacts,
    title = {{Artifacts}},
    year = {2018},
    author = {Demuth, Andreas}
}

@article{Canal2008Model-BasedComponents,
    title = {{Model-Based Adaptation of Behavioral Mismatching Components}},
    year = {2008},
    author = {Canal, Carlos and Poizat, Pascal and Salau, Gwen},
    number = {4},
    pages = {546--563},
    volume = {34}
}

@article{Mernik2013TheEngineering,
    title = {{The Journal of Systems and Software An object-oriented approach to language compositions for software language engineering}},
    year = {2013},
    journal = {The Journal of Systems {\&} Software},
    author = {Mernik, Marjan},
    number = {9},
    pages = {2451--2464},
    volume = {86},
    publisher = {Elsevier Inc.},
    url = {http://dx.doi.org/10.1016/j.jss.2013.04.087},
    doi = {10.1016/j.jss.2013.04.087},
    issn = {0164-1212},
    keywords = {domain-specific languages, language composition, software language engineering}
}

@article{Erdweg2012LanguageUntangled,
    title = {{Language Composition Untangled}},
    year = {2012},
    author = {Erdweg, Sebastian and Giarrusso, Paolo G},
    isbn = {9781450315364},
    keywords = {domain-specific language, extension, language, language composition, language unification, self-extension}
}

@article{Zi-yuResearchArchitecture,
    title = {{Research in Evolution and Reuse of Multi-leveled Orthogonal Software System Architecture}},
    author = {Zi-yu, Lin and Sheng-qun, Tang and De-chun, Peng},
    isbn = {0769503934},
    keywords = {layer, software evolution, software system architecture, thread, vertical thread of}
}

@article{StraetenSemanticDevelopment,
    title = {{Semantic Links and Co-Evolution in Object-Oriented Software Development}},
    author = {Straeten, Ragnhild Van Der},
    pages = {2002}
}

@article{SuzukiTowardSuzuki,
    title = {{Toward the Interoperable Software Design Models : Quartet of UML , XML , DOM and CORBA Junichi Suzuki}},
    author = {Suzuki, Junichi and Yamamoto, Yoshikazu},
    pages = {1--10}
}

@article{Perrouin2016FeaturedEngineering,
    title = {{Featured Model Types : Towards Systematic Reuse in Modelling Language Engineering}},
    year = {2016},
    author = {Perrouin, Gilles and Combemale, Benoit and Legay, Axel},
    pages = {1--7},
    isbn = {9781450341646},
    keywords = {metamodelling, model typing, reuse}
}

@article{DavidWhenEngineering,
    title = {{When Systems Engineering Meets Software Language Engineering}},
    author = {David, M and Degueule, Thomas and Combemale, Benoit and Barais, Olivier},
    pages = {1--13},
    isbn = {9783319116174},
    doi = {10.1007/978-3-319-11617-4}
}

@article{Butting2018ModelingComponents,
    title = {{Modeling Language Variability with Reusable Language Components}},
    year = {2018},
    author = {Butting, Arvid and Eikermann, Robert and Kautz, Oliver and Rumpe, Bernhard and Wortmann, Andreas},
    isbn = {9781450364645},
    keywords = {Language Product Lines, Language Variability, Software Language Engineering, language product lines, language variability, software language}
}

@article{Diu1997The,
    title = {{The Tuple Channel Coordination Model *}},
    year = {1997},
    author = {Diu, Manuel and Rubio, Bartolome and Troya, Jose Maria},
    pages = {95--106},
    isbn = {0818680431}
}

@article{Barais2017LanguageStudio,
    title = {{Language Engineering with the GEMOC Studio}},
    year = {2017},
    author = {Barais, Olivier and Combemale, Benoit and Wortmann, Andreas},
    pages = {189--191},
    isbn = {9781509047932},
    doi = {10.1109/ICSAW.2017.61}
}

@article{BrandPattern,
    title = {{Pattern Specification and Application in Metamodels in Ecore ∗}},
    author = {Brand, Mark Van Den and Hamilton, Marc},
    pages = {3--12},
    isbn = {9781450346467},
    keywords = {ecore, pattern application, pattern specification}
}

@article{Degueule2015ReusingMelange,
    title = {{Reusing Legacy DSLs with Melange}},
    year = {2015},
    author = {Degueule, Thomas and Combemale, Benoit and Barais, Olivier},
    pages = {45--46},
    isbn = {9781450339032},
    keywords = {bench, complexity of lan-, designers by providing, domain-specific languages, guage workbenches assist language, language reuse, language work-, melange, methods to tame the, model typing, the right tools and}
}

@article{Ringert2015LanguageSystems,
    title = {{Language and Code Generator Composition for Model-Driven Engineering of Robotics Component {\&} Connector Systems}},
    year = {2015},
    author = {Ringert, Jan Oliver and Roth, Alexander and Rumpe, Bernhard and Wortmann, Andreas},
    number = {December},
    pages = {33--57},
    volume = {6}
}

@article{Ruscio2011What,
    title = {{What is needed for managing co-evolution in MDE ?}},
    year = {2011},
    author = {Ruscio, Davide Di and Iovino, Ludovico and Pierantonio, Alfonso and Informatica, Dipartimento},
    pages = {30--38},
    isbn = {9781450306683},
    keywords = {metamodel co-evolution, model differ-, model driven engineering}
}

@article{Ruscio2011AutomatedModels,
    title = {{Automated Co-evolution of GMF Editor Models}},
    year = {2011},
    author = {Ruscio, Davide Di and Ralf, L and Pierantonio, Alfonso},
    pages = {143--162}
}

@article{C2012Community-DrivenDevelopment,
    title = {{Community-Driven Language Development}},
    year = {2012},
    author = {C, Javier Luis},
    pages = {29--35},
    isbn = {9781467317573}
}

@article{BinAnConstraints,
    title = {{An Automatically Dynamic Checking Tool for Java Beans Semantic Constraints}},
    author = {Bin, Ni}
}

@incollection{Erdweg2013TheWorkbenches,
    title = {{The State of the Art in Language Workbenches}},
    year = {2013},
    author = {Erdweg, Sebastian and van der Storm, Tijs and V{\"{o}}lter, Markus and Boersma, Meinte and Bosman, Remi and Cook, William R. and Gerritsen, Albert and Hulshout, Angelo and Kelly, Steven and Loh, Alex and Konat, Gabriël D. P. and Molina, Pedro J. and Palatnik, Martin and Pohjonen, Risto and Schindler, Eugen and Schindler, Klemens and Solmi, Riccardo and Vergu, Vlad A. and Visser, Eelco and van der Vlist, Kevin and Wachsmuth, Guido H. and van der Woning, Jimi},
    pages = {197--217},
    url = {http://link.springer.com/10.1007/978-3-319-02654-1_11},
    doi = {10.1007/978-3-319-02654-1{\_}11}
}

@article{Hollingsworth1992SoftwareADA,
    title = {{Software component design-for-reuse: a language-independent discipline applied to ADA}},
    year = {1992},
    author = {Hollingsworth, JE},
    url = {https://etd.ohiolink.edu/!etd.send_file?accession=osu1487778663285694&disposition=inline}
}

@article{ZschalerDomain-specificEngineering,
    title = {{Domain-specific metamodelling languages for software language engineering}},
    journal = {Springer},
    author = {Zschaler, S and Kolovos, DS and Drivalos, N and {\ldots}, RF Paige - … on Software Language and 2009, undefined},
    url = {https://link.springer.com/10.1007%2F978-3-642-12107-4_23}
}

@book{Rajsuman2000System-on-a-chip:Test,
    title = {{System-on-a-chip: Design and Test}},
    year = {2000},
    author = {Rajsuman, R},
    url = {https://dl.acm.org/citation.cfm?id=518153}
}

@article{SoftwareAnEngineering,
    title = {{An object-oriented approach to language compositions for software language engineering}},
    journal = {Elsevier},
    author = {Software, M Mernik - Journal of Systems and and 2013, undefined},
    url = {https://www.sciencedirect.com/science/article/pii/S0164121213001271}
}

@article{ErdwegTheWorkbenches,
    title = {{The state of the art in language workbenches}},
    journal = {Springer},
    author = {Erdweg, S and Storm, T Van Der and {\ldots}, M Völter - … on Software Language and 2013, undefined},
    url = {https://link.springer.com/chapter/10.1007/978-3-319-02654-1_11}
}

@article{KarsaiDesignLanguages,
    title = {{Design guidelines for domain specific languages}},
    journal = {arxiv.org},
    author = {Karsai, G and Krahn, H and Pinkernell, C and {\ldots}, B Rumpe - arXiv preprint arXiv and 2014, undefined},
    url = {https://arxiv.org/abs/1409.2378}
}

@article{HeidenreichClosingJava,
    title = {{Closing the gap between modelling and java}},
    journal = {Springer},
    author = {Heidenreich, F and Johannes, J and {\ldots}, M Seifert - … on Software Language and 2009, undefined},
    url = {https://link.springer.com/10.1007%2F978-3-642-12107-4_25}
}

@article{DegueuleMelange:Dsls,
    title = {{Melange: A meta-language for modular and reusable development of dsls}},
    journal = {dl.acm.org},
    author = {Degueule, T and Combemale, B and Blouin, A and {\ldots}, O Barais - … on Software Language and 2015, undefined},
    url = {https://dl.acm.org/citation.cfm?id=2814252}
}

@article{Harms1990TheDesign,
    title = {{The influence of software reuse on programming language design}},
    year = {1990},
    author = {Harms, DE},
    url = {https://etd.ohiolink.edu/!etd.send_file?accession=osu1487683049374373&disposition=inline}
}

@article{ApelFEATUREHOUSE:Composition,
    title = {{FEATUREHOUSE: Language-independent, automated software composition}},
    journal = {dl.acm.org},
    author = {Apel, S and Kastner, C and {\ldots}, C Lengauer - of the 31st International Conference on and 2009, undefined},
    url = {https://dl.acm.org/citation.cfm?id=1555038}
}

@incollection{Erdweg2013TheWorkbenchesb,
    title = {{The State of the Art in Language Workbenches}},
    year = {2013},
    author = {Erdweg, Sebastian and van der Storm, Tijs and V{\"{o}}lter, Markus and Boersma, Meinte and Bosman, Remi and Cook, William R. and Gerritsen, Albert and Hulshout, Angelo and Kelly, Steven and Loh, Alex and Konat, Gabriël D. P. and Molina, Pedro J. and Palatnik, Martin and Pohjonen, Risto and Schindler, Eugen and Schindler, Klemens and Solmi, Riccardo and Vergu, Vlad A. and Visser, Eelco and van der Vlist, Kevin and Wachsmuth, Guido H. and van der Woning, Jimi},
    pages = {197--217},
    url = {http://link.springer.com/10.1007/978-3-319-02654-1_11},
    doi = {10.1007/978-3-319-02654-1{\_}11}
}

@article{Hollingsworth1992SoftwareADAb,
    title = {{Software component design-for-reuse: a language-independent discipline applied to ADA}},
    year = {1992},
    author = {Hollingsworth, JE},
    url = {https://etd.ohiolink.edu/!etd.send_file?accession=osu1487778663285694&disposition=inline}
}

@article{ZschalerDomain-specificEngineeringb,
    title = {{Domain-specific metamodelling languages for software language engineering}},
    journal = {Springer},
    author = {Zschaler, S and Kolovos, DS and Drivalos, N and {\ldots}, RF Paige - … on Software Language and 2009, Undefined},
    url = {https://link.springer.com/10.1007%2F978-3-642-12107-4_23}
}

@article{SoftwareAnEngineeringb,
    title = {{An object-oriented approach to language compositions for software language engineering}},
    journal = {Elsevier},
    author = {Software, M Mernik - Journal of Systems and and 2013, undefined},
    url = {https://www.sciencedirect.com/science/article/pii/S0164121213001271}
}

@article{ErdwegTheWorkbenchesb,
    title = {{The state of the art in language workbenches}},
    journal = {Springer},
    author = {Erdweg, S and Storm, T Van Der and {\ldots}, M Völter - … on Software Language and 2013, undefined},
    url = {https://link.springer.com/chapter/10.1007/978-3-319-02654-1_11}
}

@book{Rajsuman2000System-on-a-chip:Testb,
    title = {{System-on-a-chip: Design and Test}},
    year = {2000},
    author = {Rajsuman, R},
    url = {https://dl.acm.org/citation.cfm?id=518153}
}

@article{KarsaiDesignLanguagesb,
    title = {{Design guidelines for domain specific languages}},
    journal = {arxiv.org},
    author = {Karsai, G and Krahn, H and Pinkernell, C and {\ldots}, B Rumpe - arXiv preprint arXiv and 2014, undefined},
    url = {https://arxiv.org/abs/1409.2378}
}

@article{DegueuleMelange:Dslsb,
    title = {{Melange: A meta-language for modular and reusable development of dsls}},
    journal = {dl.acm.org},
    author = {Degueule, T and Combemale, B and Blouin, A and {\ldots}, O Barais - … on Software Language and 2015, undefined},
    url = {https://dl.acm.org/citation.cfm?id=2814252}
}

@article{Harms1990TheDesignb,
    title = {{The influence of software reuse on programming language design}},
    year = {1990},
    author = {Harms, DE},
    url = {https://etd.ohiolink.edu/!etd.send_file?accession=osu1487683049374373&disposition=inline}
}

@article{HeidenreichClosingJavab,
    title = {{Closing the gap between modelling and java}},
    journal = {Springer},
    author = {Heidenreich, F and Johannes, J and {\ldots}, M Seifert - … on Software Language and 2009, Undefined},
    url = {https://link.springer.com/10.1007%2F978-3-642-12107-4_25}
}

@article{ApelFEATUREHOUSE:Compositionb,
    title = {{FEATUREHOUSE: Language-independent, automated software composition}},
    journal = {dl.acm.org},
    author = {Apel, S and Kastner, C and {\ldots}, C Lengauer - of the 31st International Conference on and 2009, undefined},
    url = {https://dl.acm.org/citation.cfm?id=1555038}
}

@article{BryantGlobalizedEngineering,
    title = {{Globalized Domain Specific Language Engineering}},
    author = {Bryant, Barrett and J{\'{e}}z{\'{e}}quel, Jean-Marc and L{\"{a}}mmel, Ralf and Mernik, Marjan and Schindler, Martin and Steinmann, Friedrich and Tolvanen, Juha-Pekka and Vallecillo, Antonio and V{\"{o}}lter, Markus},
    url = {https://link.springer.com/content/pdf/10.1007%2F978-3-319-26172-0_4.pdf},
    doi = {10.1007/978-3-319-26172-0},
    keywords = {Engineering, Globalized DS, Language, Ls {\textperiodcentered}}
}

@article{Pfeiffer2012TexMoEnvironment,
    title = {{TexMo : A Multi-language Development Environment}},
    year = {2012},
    author = {Pfeiffer, Rolf-helge and W{\c{a}}sowski, Andrzej},
    pages = {178--193}
}

@article{GilsonTeachingReviews,
    title = {{Teaching Software Language Engineering and Usability through Students Peer Reviews}},
    author = {Gilson, Fabian and Gilson, Fabian},
    isbn = {9781450359658},
    keywords = {Model-Driven Software Engineering, Software Langua, acm reference format, domain specific language, ing, language usability, model-driven software engineering, software language engineer-}
}

@article{Gehrke2011DeclarativeCoordination,
    title = {{Declarative Data-Driven Coordination}},
    year = {2011},
    author = {Gehrke, Johannes},
    number = {1},
    pages = {4503},
    volume = {39},
    isbn = {9781450304238}
}

@article{ObrenovicARepurposing,
    title = {{A model-driven approach to content repurposing}},
    journal = {ieeexplore.ieee.org},
    author = {Obrenovic, Z and Starcevic, D and MultiMedia, B Selic - IEEE and 2004, undefined},
    url = {https://ieeexplore.ieee.org/abstract/document/1261109/}
}

@article{PaulySpectralGeometry,
    title = {{Spectral processing of point-sampled geometry}},
    journal = {dl.acm.org},
    author = {Pauly, M and on, M Gross - Proceedings of the 28th annual conference and 2001, undefined},
    url = {https://dl.acm.org/citation.cfm?id=383301}
}

@article{MarwahSystemData,
    title = {{System to merge custom and synthesized digital integrated circuit design data}},
    journal = {Google Patents},
    author = {Marwah, H and A Ginetti - US Patent 7, 971,178 and 2011, undefined},
    url = {https://patents.google.com/patent/US7971178B1/en}
}

@article{SykesPlasmaSolenoid,
    title = {{Plasma current formation in MAST without use of central solenoid}},
    journal = {swip.ac.cn},
    author = {Sykes, A and Alladio, F and Costa, P and {\ldots}, N Conway - Proc. 32nd EPS Conf and 2005, undefined},
    url = {http://www.swip.ac.cn/huiyi/epsproceedings/pdf/P4_112.pdf}
}

@article{JohannesTowardsModels,
    title = {{Towards a generic layout composition framework for domain specific models}},
    journal = {dsmforum.org},
    author = {Johannes, J and on, K Gaul - Proceedings of the 9th OOPSLA Workshop and 2009, undefined},
    url = {http://www.dsmforum.org/events/dsm09/Papers/Johannes.pdf}
}

@article{GhameshluMethodComponent,
    title = {{Method for developing an electronic component}},
    journal = {Google Patents},
    author = {Ghameshlu, M and Krause, K and H Taucher - US Patent App. 10/654, 604 and 2004, undefined},
    url = {https://patents.google.com/patent/US20040139410A1/en}
}

@article{OkanoInformationMethod,
    title = {{Information processing apparatus and information display method}},
    journal = {Google Patents},
    author = {Okano, M and K Ikeda - US Patent 7, 418,687 and 2008, undefined},
    url = {https://patents.google.com/patent/US7418687B2/en}
}

@article{ShearDNASequencing,
    title = {{DNA Sequencing}},
    journal = {compgen.unc.edu},
    author = {Shear, DNA},
    url = {http://compgen.unc.edu/Courses/images/b/b8/Lecture14.pdf}
}

@article{Matthews2013MicrosoftQuicksteps,
    title = {{Microsoft Office 2013 Quicksteps}},
    year = {2013},
    author = {Matthews, CB and Matthews, MS and Sandberg, B and Cronan, J}
}

@article{JIANGTheRoad,
    title = {{The Centerline Rapid Extraction of Urban Road}},
    journal = {en.cnki.com.cn},
    author = {JIANG, Z and YANG, M and Information, D YANG - Geomatics & Spatial and 2015, undefined},
    url = {http://en.cnki.com.cn/Article_en/CJFDTotal-DBCH201501046.htm}
}

@techreport{Marwah201112DATA,
    title = {{(12) United States Patent (54) (75) (73) (*) (21) (22) (51) (52) (58) SYSTEM TO MERGE CUSTOMAND SYNTHESIZED DIGITAL INTEGRATED CIRCUIT DESIGN DATA}},
    year = {2011},
    author = {{Marwah}},
    number = {103},
    pages = {13--14},
    volume = {18},
    url = {http://www.eda.org/edps/edp03.}
}

@techreport{JohannesTowardsModelsb,
    title = {{Towards a Generic Layout Composition Framework for Domain Specific Models}},
    author = {Johannes, Jendrik and Gaul, Karsten},
    url = {www.modelplex.org}
}

@techreport{JinAmberOlsson2012DesignMerging,
    title = {{Design and Implementation for Report Layout Merging}},
    year = {2012},
    author = {Jin Amber Olsson, Yanling},
    url = {https://gupea.ub.gu.se/bitstream/2077/30034/1/gupea_2077_30034_1.pdf}
}

@techreport{Phalp2012IFIPModels,
    title = {{IFIP AICT 380 - Supporting Collaborative Work by Preserving Model Meaning When Merging Graphical Models}},
    year = {2012},
    booktitle = {IFIP AICT},
    author = {Phalp, Keith and Grimm, Frank and Xu, Lai},
    pages = {262--269},
    volume = {380},
    url = {https://link.springer.com/content/pdf/10.1007%2F978-3-642-32775-9_27.pdf},
    keywords = {UML class models/diagrams, diagram merging model-driven, distributed, model merging, software engineering}
}

@inproceedings{Gutwenger2003ADiagrams,
    title = {{A new approach for visualizing UML class diagrams}},
    year = {2003},
    booktitle = {Proceedings of the 2003 ACM symposium on Software visualization  - SoftVis '03},
    author = {Gutwenger, Carsten and J{\"{u}}nger, Michael and Klein, Karsten and Kupke, Joachim and Leipert, Sebastian and Mutzel, Petra},
    pages = {179},
    publisher = {ACM Press},
    url = {http://portal.acm.org/citation.cfm?doid=774833.774859},
    address = {New York, New York, USA},
    isbn = {1581136420},
    doi = {10.1145/774833.774859},
    keywords = {UML Class Diagrams, graph drawing, graph layout, software visualization}
}

@inproceedings{Maier2015RecordingDiagrams,
    title = {{Recording, processing, and visualizing changes in diagrams}},
    year = {2015},
    booktitle = {2015 IEEE Symposium on Visual Languages and Human-Centric Computing (VL/HCC)},
    author = {Maier, Sonja and Minas, Mark},
    month = {10},
    pages = {131--135},
    publisher = {IEEE},
    url = {http://ieeexplore.ieee.org/document/7357207/},
    isbn = {978-1-4673-7457-6},
    doi = {10.1109/VLHCC.2015.7357207}
}